3625 5400
806 499 1012 556 Mouuueurn
1030 498 1209 555 lassamini

967 654 1044 735 229

512 784 664 851 PATER
685 784 898 872 JOANNES
922 785 984 851 DE
1008 782 1234 851 POLANCO
1258 780 1318 846 EX
1343 778 1493 846 COMM.

707 898 827 955 PATRI
845 897 1025 957 NICOLAO
1043 892 1298 953 LANCILOTTO

765 1008 852 1051 noun
873 1010 907 1050 22
926 1007 1106 1051 uovsuems
1128 1005 1196 1064 1547
1215 993 1235 1048 ¹.

388 1111 523 1184 Acceptis
533 1110 643 1166 litteris
653 1112 798 1166 rescribit.
811 1112 872 1165 -M
873 1128 952 1165 unus
962 1110 1132 1167 Lancilotto
1140 1128 1159 1165 a
1170 1110 1329 1165 Rodericio
1337 1107 1513 1178 impositum
1522 1104 1625 1179 Igna·-

440 1200 503 1255 tius
515 1217 575 1254 uon
588 1200 675 1255 modo
688 1205 791 1254 ratum
804 1200 899 1264 habet,
918 1200 969 1255 sed
985 1201 1076 1255 etiam
1091 1197 1358 1272 probat—Sperat
1374 1194 1442 1265 fore
1459 1198 1493 1247 ut
1506 1197 1617 1266 prope·

440 1289 521 1344 diem
533 1288 882 1344 convalescat-Fausta
893 1288 981 1343 sociis
1001 1287 1098 1343 Goam
1115 1290 1213 1357 nuper
1229 1284 1365 1357 appulsis
1381 1284 1616 1355 adprecatur.-

442 1379 545 1448 Quam
558 1382 735 1450 potestatem
757 1377 944 1433 Lancilottus
960 1378 1018 1432 sibi
1033 1377 1175 1432 collatam
1191 1374 1415 1448 facultatesque
1435 1390 1456 1425 a
1471 1368 1615 1442 pontifice

438 1484 557 1521 summo
575 1471 632 1537 per
658 1466 815 1539 ignatium
837 1466 1073 1521 communicatas
1093 1466 1209 1539 habeat,
1226 1464 1378 1521 enucleato
1395 1458 1619 1533 explicat-H-

438 1556 502 1610 lum
514 1573 549 1610 ac
565 1558 657 1611 socios
669 1560 729 1611 tres
741 1556 773 1609 in
787 1554 975 1625 coadjutores
986 1555 1163 1627 spirituales
1176 1554 1332 1610 Societatis
1338 1552 1414 1623 Jesu
1426 1548 1576 1605 admittit.

955 1674 1032 1759 Jns.

412 1806 413 1811 ’
451 1805 773 1893 GratiaD.N.Jesu
782 1806 839 1873 Χ.ἰ
851 1828 910 1893 per
922 1828 1039 1875 veram
1049 1804 1281 1892 cognitionem
1290 1813 1326 1869 et
1337 1822 1485 1868 amorem
1497 1800 1608 1886 ipsius

383 1922 420 1987 in
435 1921 535 1987 nobis
550 1920 708 1988 omnibus
724 1936 903 2008 augeatur.
1067 2004 1071 2011 Ι

449 2035 607 2116 LitteraS,
637 2058 722 2121 quas
748 2039 791 2103 ad
815 2060 877 2104 nos
899 2036 1035 2117 dedisti,
1053 2056 1171 2103 mense
1193 2031 1381 2102 Nouembri
1407 2031 1489 2097 anni
1519 2032 1607 2115 1546

384 2151 540 2237 scriptae,
559 2151 764 2238 accepimus
783 2154 885 2221 Pater
900 2153 936 2218 in
947 2154 1030 2240 Jesu
1046 2153 1112 2218 X.⁰
1127 2148 1324 2217 charissime
1338 2149 1364 2235 ²,
1382 2146 1506 2234 quibus
1525 2145 1604 2211 dili-

381 2275 505 2352 genter
520 2266 661 2352 exponis
677 2266 784 2350 initia,
801 2288 1033 2353 progressum,
1052 2276 1313 2354 presentemque
1327 2272 1454 2329 statum
1467 2260 1602 2347 collegii

380 2380 544 2467 gouensis
560 2383 585 2461 ³,
604 2381 736 2465 aliaque
751 2404 823 2449 non
839 2404 960 2469 pauca,
977 2404 1078 2467 quae,
1096 2391 1135 2447 ut
1150 2381 1322 2447 intellecta
1335 2397 1411 2445 esse
1427 2377 1522 2444 Patri
1537 2398 1602 2443 no-

380 2504 453 2561 stro
469 2496 514 2563 D.
532 2495 665 2581 Ignatio
681 2498 870 2582 oportebat,
888 2495 936 2563 ita
950 2496 1076 2565 videris
1091 2518 1194 2582 opere
1213 2494 1365 2581 precium
1388 2492 1422 2557 in
1444 2492 1494 2559 eis
1513 2492 1599 2558 seri-

378 2609 499 2677 bendis
526 2632 593 2675 non
617 2610 788 2677 modicum
816 2610 949 2680 iecisse.
979 2614 1078 2698 Quae
1105 2632 1189 2698 ergo
1216 2631 1418 2695 responsum
1441 2608 1600 2695 exigunt,

380 2723 475 2792 hisce
491 2725 611 2793 litteris
627 2747 825 2812 prosequar,
843 2737 945 2814 prout
960 2751 980 2794 a
998 2731 1098 2795 Patre
1114 2739 1231 2793 nostro
1246 2728 1290 2792 D.
1306 2723 1440 2811 Ignatio
1452 2723 1538 2790 mihi
1549 2734 1603 2790 est

381 2839 585 2906 iniunctum.

444 2956 497 3022 Ac
513 2955 621 3041 primo
637 2955 786 3046 quidem,
805 2959 897 3042 quod
913 2959 956 3024 ad
972 2979 1098 3024 munus
1113 2957 1248 3039 attinet,
1266 2955 1328 3022 tibi
1348 2979 1368 3021 a
1384 2954 1522 3021 domino
1542 2955 1599 3023 Si-

257 3125 260 3132 .
380 3090 481 3137 mone
497 3071 508 3102 ⁴
526 3070 722 3152 comissum,
742 3071 954 3160 P.'lgnatius
968 3095 1042 3158 pon
1059 3082 1189 3139 tantum
1211 3083 1322 3136 ratum
1341 3069 1377 3135 id
1401 3070 1517 3150 habet,
1538 3071 1599 3140 sed

280 3256 281 3260 ,
375 3195 410 3253 et
427 3195 638 3273 pergratum
657 3187 700 3252 ad
716 3188 782 3256 Dei
798 3187 888 3256 enim
904 3191 1072 3255 honorem
1085 3209 1125 3254 ac
1140 3185 1281 3274 gloriam
1295 3185 1329 3251 id
1345 3188 1498 3253 futurum
1509 3187 1599 3252 mul-

374 3313 556 3384 torumque
571 3301 734 3368 auxilium
750 3301 902 3385 confidit,
918 3303 1113 3390 optimoque
1128 3322 1205 3370 esse
1220 3300 1333 3367 animo
1349 3310 1382 3368 te
1393 3302 1504 3385 jubet,
1518 3322 1598 3368 cum

374 3417 449 3483 Deo
465 3414 532 3502 (cui
549 3415 669 3501 seruis)
685 3415 796 3496 inniti,
815 3428 850 3484 et
865 3439 935 3484 non
951 3417 1019 3484 tuis
1035 3417 1164 3483 viribus
1180 3418 1280 3503 (quae
1299 3416 1394 3484 oneri
1411 3417 1497 3483 forte
1516 3437 1598 3482 suc-

371 3530 598 3616 cumberent),
617 3543 782 3616 oporteat.
802 3533 905 3618 Quod
921 3534 966 3602 de
980 3531 1176 3601 valetudine
1192 3543 1262 3612 tua,
1281 3544 1350 3598 tam
1367 3531 1489 3611 accisa,
1513 3531 1600 3598 scri-

373 3643 438 3725 bis,
456 3656 493 3710 vt
509 3645 630 3712 minori
647 3665 709 3712 nos
725 3647 849 3714 afficiat
865 3648 1031 3729 molestia,
1050 3647 1131 3714 facit
1150 3669 1228 3734 spes
1248 3647 1366 3715 eadem
1388 3647 1423 3712 in
1442 3655 1597 3715 seruato-

427 3812 434 3844 ¹
473 3813 517 3866 Ex
534 3812 711 3868 adversariis
728 3816 916 3887 autographis
933 3817 966 3871 P.
986 3817 1106 3872 Polauci
1127 3816 1157 3872 in
1175 3815 1278 3872 codice
1296 3816 1394 3887 Epist.
1417 3815 1543 3871 Potanci
1561 3833 1603 3871 eu

371 3916 491 3966 comm„
505 3915 531 3961 2.
545 3901 591 3972 ft,
605 3920 634 3957 n.
646 3903 695 3974 69,
707 3903 788 3977 prius
800 3904 833 3959 il.
849 3906 884 3960 80
896 3914 927 3961 et
939 3905 984 3961 81.
998 3907 1103 3961 Exstat
1116 3923 1217 3978 apogr.
1231 3905 1261 3960 in
1277 3907 1341 3960 cod.
1357 3905 1472 3970 Paris,
1486 3922 1515 3960 n.
1535 3917 1594 3974 105,

372 3987 423 4045 fot.
439 3989 723 4055 122V.-Cartas,n.
744 3992 892 4048 CXXVII.

424 4082 435 4113 ¹
472 4078 568 4133 Patris
585 4080 742 4136 Lancilotti
760 4082 884 4153 litteras,
906 4083 1013 4155 quibus
1030 4083 1162 4154 Iguuius
1184 4081 1352 4154 respondet,
1374 4084 1465 4137 habes
1482 4083 1513 4139 in
1529 4099 1593 4154 ope

369 4183 412 4222 re:
437 4167 566 4224 Selectae
588 4168 752 4224 Indicarum
777 4173 919 4244 epistolae
941 4191 1021 4228 nunc
1037 4174 1176 4243 primum
1197 4174 1305 4229 editae.
1328 4173 1494 4228 Florentiae
1517 4172 1597 4242 1877,

304 4286 306 4290 ·
370 4271 440 4328 pag.
456 4269 500 4313 ιο.

423 4345 435 4378 ³
472 4345 517 4399 De
529 4363 624 4416 goano
637 4347 764 4418 collegio
777 4365 865 4421 saepe
882 4358 974 4420 agunt
993 4350 1124 4406 Monuit.
1143 4362 1268 4405 mstou.
1290 4349 1320 4404 S.
1340 4351 1382 4420 J,
1403 4351 1594 4406 Mortumeuta

370 4433 561 4508 Xauertmm,
575 4443 596 4490 t.
612 4435 634 4490 Ι.
650 4435 726 4490 Vide
739 4439 895 4510 praecipue
910 4456 991 4511 pags.
1008 4437 1070 4510 7264,
1086 4438 1149 4510 287,
1163 4452 1226 4508 504.

423 4523 435 4556 ⁴
471 4523 497 4577 Α
511 4525 597 4578 Patre
610 4522 725 4580 scilicet
738 4525 857 4583 Simone
874 4527 1042 4599 Rodericio,
1059 4528 1110 4600 qui
1128 4529 1324 4584 Lancilottum
1341 4528 1535 4584 constituerat
1550 4545 1597 4585 so·

367 4609 479 4665 ciorum
502 4612 584 4667 Goae
607 4615 789 4669 versantium
799 4615 1034 4688 {moderatorem¹
1061 4617 1257 4673 Monumenta
1282 4617 1471 4682 Xaveriana,
1495 4617 1523 4689 Ι,
1547 4615 1591 4692 82=

368 4705 471 4754 annot.
489 4711 513 4753 1.
