3625 5400
549 488 653 545 Elusa.
673 488 808 543 ano-ao
828 486 1013 544 Novmrus
1034 499 1102 558 1547

543 696 545 703 =
790 644 868 725 226

393 780 432 835 ,·
516 775 721 843 PAULO
760 776 832 841 DE
870 775 1164 843 ACHILLIS

603 902 692 945 noua
705 902 740 943 20
751 902 932 945 uovcunms
947 901 1015 958 1547
1033 890 1053 943 ¹.

250 1006 370 1061 Paulus
378 1007 414 1061 de
425 1006 552 1061 Achillis
561 1006 594 1061 in·
604 1006 708 1077 gradu
719 1004 905 1076 coadjutoris
916 1004 1090 1075 spiritualis
1098 1006 1133 1059 in
1146 992 1322 1061 Societatem
1328 1005 1404 1078 Jesu

746 1106 915 1175 cooptatur.

282 1220 436 1307 Ignatius
451 1221 494 1287 de
510 1222 651 1305 Loyola‚
666 1218 847 1289 Societatis
858 1222 943 1307 Jesu
959 1219 1173 1305 praepositus
1185 1220 1367 1306 generalis,
1386 1220 1439 1287 di·

217 1338 306 1404 lecto
322 1336 357 1403 in
373 1338 462 1421 Xpo.
476 1338 560 1423 Jesu
577 1337 620 1402 D.
636 1336 680 1403 N.
695 1335 765 1401 filio
778 1320 886 1401 Paulo
898 1335 941 1401 de
953 1333 1097 1401 Achillis
1112 1336 1258 1402 salutem
1272 1334 1308 1401 in
1319 1335 1438 1403 Domi-

218 1472 264 1518 no
280 1451 533 1537 sempiternam.
1334 1482 1338 1487 ·

284 1566 372 1633 Cum
387 1564 435 1646 hi,
453 1564 511 1651 qui
530 1564 784 1652 professionem
797 1565 833 1631 in
853 1564 992 1631 minima
1011 1575 1129 1632 nostra
1148 1563 1319 1634 Societate
1339 1564 1440 1635 emit-

219 1691 309 1765 tunt,
322 1683 367 1747 ob
382 1680 543 1749 diuturna
558 1679 671 1748 studia
686 1690 721 1750 et
741 1680 959 1767 probationes
979 1679 1260 1765 conditionesque
1279 1680 1365 1749 alias
1385 1704 1442 1750 re-

203 1795 373 1883 quisitas,
392 1795 569 1883 pauciores
584 1795 652 1863 sint
673 1816 774 1881 quam
792 1806 830 1861 ut
850 1794 981 1883 possint
1001 1794 1172 1865 desiderio
1193 1804 1310 1863 nostro
1328 1796 1364 1862 in
1379 1819 1440 1865 ex-

219 1912 365 1981 colenda
380 1909 541 1979 latissima
557 1909 695 1979 Domini
709 1910 821 1991 vinea,
840 1920 875 1978 et
891 1910 1007 1977 multis
1022 1912 1261 1997 vndecumque
1278 1911 1442 1997 operariis

221 2027 408 2114 indigente,
422 2026 630 2109 satisfacere,
648 2025 775 2113 placuit
791 2024 849 2095 St
860 2025 940 2092 Dni.
955 2024 1044 2093 Ntri.
1060 2025 1158 2093 Pauli
1175 2027 1278 2107 tertii,
1292 2027 1443 2113 supremi

222 2141 393 2229 pontificis
408 2162 448 2209 ac
464 2141 543 2228 Xpi
562 2140 690 2221 vicarii,
710 2142 905 2209 facultatem
926 2139 1025 2207 nobis
1045 2140 1245 2218 admittendi
1265 2142 1442 2208 coadiuto-

222 2280 289 2339 res,
306 2278 452 2343 quorum
470 2276 585 2343 opera,
605 2267 677 2321 tum
705 2256 738 2322 in
767 2253 1000 2342 spiritualibus
1021 2256 1066 2323 ad
1084 2256 1233 2342 plurium
1253 2257 1442 2323 animarum

221 2371 396 2455 auxilium,
411 2383 483 2439 tum
495 2371 532 2438 in
544 2371 786 2458 temporalibus
798 2373 842 2437 ad
854 2370 1035 2438 Societatis
1046 2370 1318 2440 subleuationem
1329 2383 1443 2441 vtere·

221 2510 308 2569 mur,
325 2490 369 2554 de
395 2487 607 2575 benignitate
633 2487 818 2573 apostolica
838 2487 1029 2556 concedere
1049 2495 1153 2571 atque
1168 2486 1359 2574 indulgere
1378 2508 1443 2555 nec

224 2614 370 2686 tantum,
386 2614 424 2669 vt
439 2602 619 2671 admittere
631 2602 743 2689 (modo
755 2601 791 2668 in
802 2600 910 2668 literis
922 2600 1119 2688 apostolicis
1131 2602 1302 2689 expresso)
1319 2613 1354 2670 et
1365 2624 1445 2688 par-

223 2718 342 2806 ticipes
365 2740 507 2805 operum
534 2715 685 2785 omnium
712 2728 747 2785 et
774 2717 973 2787 meritorum
1000 2717 1103 2785 huius
1126 2718 1307 2788 Societatis
1333 2719 1445 2786 facere

223 2855 412 2920 possemne,
431 2855 550 2902 verum
565 2844 604 2900 vt
626 2833 828 2919 quibusdam
853 2855 895 2902 ex
911 2833 973 2917 eiS,
991 2833 1050 2921 qui
1073 2835 1117 2900 ad
1136 2836 1203 2900 hoc
1218 2834 1331 2904 idonei
1347 2835 1446 2904 uide-

223 2960 353 3031 rentur,
376 2949 567 3030 facultateS,
597 2949 725 3035 gratias
747 2948 1054 3034 auctoritatemque
1072 2970 1220 3031 omnem,
1250 2952 1293 3018 ab
1309 2961 1446 3036 aposto-

224 3066 290 3133 lica
305 3066 387 3134 sede
401 3064 481 3132 huic
508 3064 671 3134 Societati
687 3085 896 3145 concessam,
911 3064 947 3131 in
963 3075 1037 3132 toto
1061 3066 1115 3134 uel
1132 3065 1168 3131 in
1179 3076 1289 3152 parte,
1306 3065 1447 3152 perinde

225 3181 309 3249 acsi
325 3181 468 3268 professi
482 3191 610 3263 essent,
628 3179 878 3248 communicare
895 3181 1080 3248 valeamus.

194 3337 205 3366 t
289 3298 379 3365 Cum
395 3318 479 3382 ergo
504 3297 623 3365 eadem
640 3317 702 3362 nos
728 3294 802 3362 sitis
829 3305 952 3382 vrgeat
973 3294 1082 3362 diuini
1102 3296 1242 3362 honoris
1269 3318 1311 3363 ac
1326 3295 1448 3363 salutis

224 3413 423 3503 animarum,
442 3411 497 3479 cui
513 3422 548 3478 et
563 3408 794 3497 operariorum
816 3410 913 3496 copia
930 3420 965 3479 et
981 3413 1178 3479 eorumdem
1195 3410 1382 3478 auctoritas
1395 3421 1448 3480 est

224 3527 486 3615 pernecessaria,
516 3547 662 3613 cumque
688 3524 873 3611 plurimum
888 3524 924 3596 in
951 3525 1100 3592 Domino
1127 3527 1341 3594 confidamus
1357 3528 1449 3612 quod

224 3644 379 3732 xpianae.
397 3643 488 3711 vitae
504 3642 661 3727 exemplo
676 3651 712 3706 et
726 3638 896 3707 catholica
913 3661 952 3707 ac
964 3639 1021 3727 pia
1033 3641 1189 3710 doctrina
1204 3641 1354 3708 diuinam
1371 3642 1449 3727 glo·
1465 3648 1468 3656 '

226 3760 309 3827 riam
336 3758 634 3846 proximorumque
655 3754 866 3842 spiritualem
893 3756 1084 3842 profectum
1104 3757 1151 3824 sis
1174 3767 1395 3844 promoturus
1414 3756 1449 3822 in

226 3877 346 3944 eudem
364 3877 405 3942 D.
425 3875 470 3942 N.
483 3876 567 3961 Jesu
583 3871 660 3953 X.⁰‚
679 3881 714 3940 te
729 3872 766 3938 in
778 3871 1012 3940 coadiutorem
1028 3871 1238 3958 spiritualem
1260 3871 1356 3939 iuxta
1368 3892 1452 3939 con-

226 3990 420 4058 stitutiones
447 3989 630 4059 Societatis
657 3987 848 4068 admittere,
878 3987 1009 4073 tibique
1032 3987 1185 4055 omnium
1207 3998 1242 4056 et
1258 4009 1402 4074 operum
1417 3999 1452 4056 et

228 4106 426 4175 meritorum
441 4103 732 4192 participationem
749 4103 1016 4185 communicare,
1033 4114 1069 4170 et
1083 4114 1121 4169 vt
1136 4104 1323 4190 gratiarum
1344 4125 1386 4170 ac
1401 4105 1453 4170 fa-

229 4225 395 4291 cultatum
411 4243 451 4289 ac
468 4219 724 4308 priuilegiorum
752 4217 1033 4303 auctoritatisque
1065 4219 1175 4287 omnis
1191 4219 1301 4286 eidem
1317 4229 1454 4288 nostrae

229 4337 391 4408 Societati
407 4359 466 4424 per
479 4346 629 4403 nostram
641 4355 704 4421 pro
716 4343 868 4420 tempore
880 4333 1059 4400 existentis
1071 4333 1253 4421 praepositi
1269 4334 1375 4420 ipsius
1387 4333 1452 4401 dis·

132 4507 139 4520 .
230 4452 478 4539 pensationem,
493 4473 513 4518 a
525 4452 607 4519 sede
621 4448 805 4536 apostolica
817 4469 1013 4530 concessae,
1028 4449 1074 4516 sis
1087 4471 1206 4536 capax,
1220 4460 1255 4516 et
1270 4471 1363 4517 nunc
1374 4461 1455 4517 actu

239 4568 447 4578 -a——ffl

283 4613 291 4646 ¹
329 4615 373 4667 Ex
398 4611 499 4667 codice
522 4610 639 4665 Deerat.
654 4609 796 4672 etinsfr„
820 4623 935 4680 apogr,
958 4606 1009 4663 fol.
1039 4619 1081 4679 19,
1103 4607 1188 4680 cujus
1210 4615 1323 4665 tautum
1341 4616 1454 4681 partem

230 4721 365 4784 occupat.

364 4807 465 4852 Morou.
480 4803 693 4858 leuare-Erunt,
710 4814 767 4847 rou.
782 4802 802 4846 1.
1289 4805 1316 4848 41
