3625 5400
737 419 871 493 Nontin
892 432 1034 476 conruunt

762 677 1001 726 1‘1'A121A

679 839 690 846 ’
788 849 900 915 Codex
921 853 980 916 56.

317 1019 440 1090 Romae,
451 1019 482 1075 iu
492 1019 622 1076 Archivo
632 1021 775 1077 Vaticano
786 1021 900 1090 (Roma.
916 1021 1057 1077 Archivio
1069 1021 1222 1078 Vaticano.
1238 1019 1380 1077 «Codices
1393 1019 1491 1076 Socie-

263 1106 337 1164 tatio
350 1109 434 1180 Jesu.
451 1120 495 1164 Ι.»

329 1259 398 1320 Cod.
423 1261 514 1319 Vatic.
530 1261 667 1320 L-Vol.
681 1271 799 1334 0⁰,21o
812 1272 851 1328 ><
863 1271 992 1335 om,145;
1002 1263 1087 1322 corio
1101 1264 1188 1340 nigro
1202 1264 1416 1338 compositum.

324 1358 459 1433 Antiqua
473 1361 658 1435 inscriptioa
672 1368 759 1438 tergo
774 1363 804 1418 in
814 1370 931 1419 tessera
945 1378 1126 1436 papyracea:
1139 1359 1184 1419 «C
1202 1360 1207 1437 l
1226 1375 1303 1437 37¹3
1322 1361 1327 1438 Ι
1344 1359 1448 1438 mist»

323 1456 468 1516 Continet
482 1461 661 1535 apographa
674 1476 792 1518 coaeva
806 1459 1067 1519 Constitutionum
1080 1459 1240 1518 Societatis
1255 1460 1329 1532 Jesu
1342 1476 1412 1518 cum
1433 1459 1488 1516 de·

261 1555 490 1628 clarationibus,
500 1565 569 1615 acta
580 1557 609 1616 S.
621 1557 711 1616 Sedis
720 1558 761 1616 ad
773 1557 958 1616 Societatem
969 1559 1148 1631 spectantia,
1159 1557 1190 1616 S.
1201 1557 1309 1633 Ignatii
1319 1557 1489 1631 epistolam,

260 1662 293 1712 et
306 1655 365 1713 alia
378 1655 565 1714 documenta
579 1656 618 1714 ad
633 1657 732 1731 ipsum
744 1641 798 1714 vel
803 1657 842 1714 ad
855 1656 1040 1716 Societatem
1051 1657 1216 1714 attinentia.
1227 1655 1338 1714 Manus
1349 1654 1488 1714 diversae

259 1752 290 1808 in
306 1753 366 1810 hoc
381 1752 490 1811 codice
505 1753 741 1828 conspiciuntur.

777 1927 889 1992 Codex
911 1928 970 1992 57.

312 2087 434 2160 Romae,
458 2087 488 2144 in
509 2087 639 2144 Archino
660 2088 761 2144 Status
785 2089 896 2160 (Roma.
921 2087 1061 2144 Archivio
1081 2075 1112 2144 di
1136 2087 1230 2144 Stato.
1254 2087 1412 2144 «Archlvio
1436 2087 1485 2143 dei

258 2175 557 2233 Geauiti.-Lettere.
573 2176 763 2248 1548·1575n).

319 2337 467 2398 Collectio
482 2341 688 2415 epistolarum,
699 2358 780 2414 quae
790 2342 925 2398 maxima
936 2357 978 2398 ex
989 2349 1075 2416 parte
1089 2340 1257 2399 aPatribns
1267 2340 1297 2399 S.
1306 2341 1342 2413 J,
1353 2341 1383 2398 in
1397 2341 1484 2400 lndia

257 2437 394 2496 orientali
408 2438 603 2516 degentibus,
617 2440 748 2514 scriptae
762 2439 884 2498 luerunt
897 2448 929 2497 et
942 2440 982 2498 ad
997 2440 1153 2514 Europam
1167 2440 1286 2496 missae.

318 2534 521 2611 Transcriptis
535 2554 552 2594 a
567 2536 666 2608 nobis,
680 2537 796 2612 aliquot
814 2537 926 2595 abhinc
946 2538 1043 2608 annis,
1065 2535 1218 2595 nonnullis
1232 2554 1273 2594 ex
1293 2537 1352 2594 hoc
1374 2535 1483 2595 codice

255 2633 402 2708 epistolis,
413 2651 483 2693 cum
497 2635 605 2693 iterum
619 2652 725 2694 mense
735 2634 898 2694 Decembri
913 2635 984 2693 anni
994 2635 1159 2710 superioris
1173 2634 1317 2692 eumdem
1332 2635 1480 2708 codicem,

254 2732 295 2789 ad
310 2732 376 2807 ejus
395 2733 631 2808 descriptionem
652 2733 879 2809 perficiendam,
894 2733 1176 2809 poshrlavissemus,
1190 2732 1273 2792 illum
1292 2732 1397 2791 videre
1418 2750 1481 2791 non

254 2830 338 2889 licuit
350 2839 513 2907 propterea
527 2832 612 2905 qnod
627 2833 821 2907 compositori
836 2832 964 2891 traditus
978 2833 1094 2903 luisset,
1108 2840 1142 2889 nt
1155 2831 1308 2905 quaedam
1327 2832 1393 2905 ejus
1413 2849 1480 2889 mo-

255 2936 413 3001 numenta,
437 2930 574 2987 nonnihil
595 2932 702 3007 attrita,
722 2936 919 3002 restauraret,
943 2938 974 2987 et
986 2930 1209 2988 collectionem
1230 2928 1427 3003 epistolarum
1448 2930 1478 2987 in

254 3027 337 3085 varia
351 3027 507 3086 volumina
520 3028 613 3105 ligata
626 3028 787 3105 redigeret.

769 3213 882 3279 Codex
903 3214 962 3279 58.

197 3380 200 3385 ·
302 3362 477 3435 Florentiae,
501 3362 531 3419 in
553 3362 737 3421 Bibliotheca
758 3364 906 3421 Nationali
927 3362 1103 3435 (Biblioteca
1116 3362 1274 3419 Nazionale
1292 3361 1323 3418 di
1340 3362 1476 3434 Firenze,

246 3452 458 3529 rrmmoscritti,
472 3452 593 3525 XXXV,
610 3466 654 3525 11,
668 3452 742 3526 23n).

310 3612 379 3673 Cod.
395 3614 528 3675 Florem.
544 3616 681 3677 I.-Vol.
693 3618 810 3690 0⁰²,164
823 3628 863 3681 ><
876 3626 1002 3690 0¹¹¹,1203
1017 3617 1195 3676 membrana
1208 3618 1422 3691 compositum

306 3710 426 3773 Titulus
440 3722 471 3774 et
483 3716 639 3793 signatura
652 3718 777 3791 antiqua
790 3718 822 3775 in
837 3718 931 3776 dorso
941 3717 1041 3791 posita
1056 3716 1119 3775 lere
1132 3721 1331 3775 evanuerunt

306 3810 340 3867 ln
365 3814 463 3887 primo
487 3814 560 3872 lolio
584 3817 660 3874 haec
685 3816 849 3874 habentur:
871 3816 928 3875 «D.
944 3831 1028 3891 23.»;
1049 3823 1080 3872 et
1100 3814 1233 3887 inferius,
1252 3814 1321 3871 stilo
1337 3811 1471 3897 lapideo:

245 3906 384 3967 «XXXV
402 3910 407 3985 l
426 3911 455 3969 S.
471 3912 579 3989 Ignatii
593 3912 671 3988 Loy.
690 3913 694 3990 l
712 3921 744 3971 et
757 3912 895 3973 Aliorum
910 3930 1037 3989 opusc.»

305 4005 449 4069 Continet
462 4011 607 4085 epistolas
621 4019 652 4069 et
666 4012 724 4071 alia
737 4020 935 4071 monumenta
945 4012 985 4070 ab
996 4029 1059 4070 uno
1070 4008 1377 4083 eodemquelibrario
1389 4010 1470 4067 tian-

243 4106 365 4182 scripta.
380 4108 473 4169 Foliis
491 4124 571 4185 1-77,
586 4109 737 4169 habentur
751 4110 899 4185 epistolae
913 4110 943 4169 S.
959 4110 1077 4186 Ignatii,
1091 4110 1124 4168 B.
1138 4108 1219 4167 Petri
1231 4106 1334 4178 Fabri,
1345 4106 1470 4180 Joannis

241 4208 283 4265 de
302 4204 462 4281 Corduba,
485 4208 666 4283 Hieronymi
687 4208 881 4282 Domenech,
903 4209 1042 4279 Polanci,
1061 4216 1131 4279 etc,
1145 4207 1253 4283 paucis
1276 4205 1469 4263 documentis

239 4304 380 4363 asceticis
393 4306 522 4365 insertis.
537 4305 630 4365 Foliis
644 4307 854 4380 sequentibus,
867 4323 967 4381 usque
981 4307 1022 4365 ad
1035 4306 1130 4365 finem
1143 4304 1269 4375 codicis,
1279 4303 1408 4362 collecta
1420 4320 1468 4360 re-

240 4392 401 4477 periuntur¹
408 4404 561 4463 variorum
571 4412 731 4465 auctorum
741 4407 866 4479 monita,
877 4406 1102 4477 instructiones,
1113 4403 1337 4473 meditationes,
1347 4401 1468 4474 aliaque

240 4502 270 4561 id
293 4517 392 4579 genus
416 4502 615 4575 doomonte,
634 4504 712 4563 inter
735 4520 816 4577 quae
838 4505 975 4563 innuisse
993 4503 1125 4563 sufficiat
1137 4508 1285 4575 excerpta
1303 4500 1405 4573 aliqua
1423 4516 1466 4557 ex

239 4600 341 4659 libello
355 4599 579 4659 Exercitiorum
593 4601 623 4669 S.
639 4602 757 4679 Ignatii,
770 4610 917 4661 tractatus
931 4602 971 4659 de
989 4602 1112 4677 propria
1133 4600 1309 4677 cognitione
1322 4598 1353 4659 S.
1368 4597 1463 4655 Fran-
