3625 5400
653 465 758 522 Errsn.
778 477 895 536 40.·-17
914 478 984 533 uiJr
1004 478 1078 536 1542,
1388 477 1439 536 ¹99

242 637 336 701 poco
356 614 560 703 ''probecho
577 623 640 686 aon
654 639 698 686 en
713 639 878 705 personas
892 639 961 704 que
976 638 1014 686 se
1030 617 1171 704 alargan
1186 639 1231 688 en
1251 620 1397 687 muchas
1413 640 1472 685 co-

241 751 316 814 sas,
338 753 407 818 que
421 733 563 800 debrian
582 731 591 772 ³
610 742 755 800 acortar.

312 849 345 912 A
362 855 471 936 tergo.
491 849 561 917 Los
574 849 735 915 doctores
749 853 770 914 a
785 850 886 916 Mtre.
905 847 1036 918 Simon.

312 961 425 1028 Manu
440 964 486 1028 P.
506 963 663 1030 Polemi.
682 963 836 1044 Secreta,
852 985 876 1049 y
890 985 938 1030 no
956 985 1037 1049 para
1052 964 1229 1030 trasladar.

310 1079 393 1144 Alia
408 1099 518 1143 monu
532 1083 565 1143 et
579 1080 814 1146 cancellatum.
833 1079 918 1149 Soli.

829 1213 889 1298 4⁰

498 1347 637 1414 PATRI
660 1347 922 1415 ALPHONSO
947 1347 1218 1455 SALMERONI

677 1473 766 1517 noun
788 1473 910 1530 1711A11
931 1471 999 1529 1542
1015 1464 1034 1516 ¹.

236 1565 362 1638 Ignatii
372 1569 496 1623 nomine
508 1569 630 1634 litteris,
644 1585 664 1623 a
675 1550 852 1624 Solmerone
863 1568 955 1631 datis,
966 1568 1365 1638 respondetur.-Quamvis
1377 1569 1414 1624 de
1427 1569 1469 1623 la-

292 1655 413 1711 boribus
423 1674 461 1712 ac
471 1657 618 1713 molestiis
627 1656 799 1712 hibernicae
810 1656 964 1712 missionis
975 1656 1049 1712 socii
1060 1656 1183 1712 romani
1192 1657 1325 1721 doleant,
1335 1661 1470 1712 attamen

294 1746 331 1800 de
343 1744 457 1814 optimo
473 1745 625 1801 virtutum
639 1745 774 1818 exemplo
786 1746 907 1802 laetitia
920 1744 1267 1818 perfruentem—Quid
1282 1747 1400 1802 sodales
1413 1754 1470 1818 per

294 1841 455 1915 Europam
467 1843 597 1915 dispersi
608 1847 718 1918 agant,
730 1844 885 1899 innuitur.

808 1965 902 2072 Ihirs.

307 2121 359 2186 La
373 2120 485 2206 gratia
500 2131 535 2188 et
549 2123 583 2190 la
597 2142 682 2206 pape
698 2119 734 2187 di
749 2119 888 2188 Christo
904 2121 948 2188 N.
967 2120 1004 2189 S.
1023 2119 1073 2186 sia
1088 2123 1212 2208 senpre
1226 2141 1292 2188 con
1307 2121 1377 2188 noi.

304 2235 376 2302 Ani
407 2255 446 2319 13
473 2235 508 2301 di
535 2233 676 2322 Maggio
704 2235 863 2302 hauiamo
889 2236 1022 2302 hauuto
1044 2236 1078 2304 le
1100 2247 1226 2316 vostre,
1256 2235 1374 2304 scritto
1401 2259 1420 2302 a
1447 2261 1468 2325 9

235 2349 405 2436 d'Aprile,
423 2361 458 2419 et
472 2353 599 2437 perche
614 2352 670 2417 all'
687 2353 774 2418 hora
789 2353 891 2419 Mtro.
907 2350 1041 2436 Ignatio
1057 2350 1087 2417 si
1099 2362 1243 2417 trouaua
1255 2373 1336 2437 asay
1350 2361 1462 2420 traua·

236 2465 345 2552 gliato
359 2466 416 2532 del
430 2487 496 2533 suo
519 2469 709 2547 stomaeh0,
732 2478 766 2534 et
786 2469 938 2534 anchora
957 2475 1011 2532 sta
1032 2487 1079 2534 un
1098 2487 1187 2552 poco
1207 2467 1307 2548 male,
1330 2487 1385 2534 me
1405 2488 1467 2534 co·

234 2579 352 2647 mandi
368 2603 389 2648 a
404 2603 459 2649 me
474 2584 539 2649 che
554 2581 678 2668 parlasi
693 2582 726 2648 al
741 2582 840 2652 Caro
859 2582 966 2651 Santa
981 2582 1093 2664 Crooe
1108 2582 1135 2662 ¹,
1149 2583 1214 2648 che
1229 2582 1418 2650 solamente
1429 2604 1468 2652 se
1532 2607 1536 2615 ·

235 2698 334 2765 troba
349 2696 409 2783 qui
424 2698 559 2779 adesso,
577 2699 703 2784 perche
719 2698 743 2763 li
758 2696 847 2778 altri,
865 2695 957 2765 achi
973 2696 1133 2778 scriuete,
1152 2720 1189 2765 se
1209 2700 1392 2765 trouanoio
1415 2722 1465 2782 re,

234 2825 268 2881 et
284 2814 309 2878 il
324 2813 428 2880 Card.
448 2813 596 2880 Brindisi
612 2815 624 2847 ³
640 2812 841 2900 speramosi
857 2812 947 2881 troui
963 2812 999 2879 in
1015 2812 1186 2899 paradiso,
1207 2825 1243 2883 et
1265 2835 1307 2880 ve
1327 2814 1464 2901 rispon-

234 2928 338 3009 dessi,
356 2939 391 2997 et
411 2927 482 2996 cosi
503 2950 565 3015 per
584 2928 785 3014 obediencia
803 2929 838 2996 lo
857 2927 978 3014 saceio.
999 2930 1043 2995 Et
1063 2950 1191 2997 ancora
1211 2931 1276 2998 che
1295 2952 1337 3015 pe
1357 2929 1464 2997 siamo

232 3043 342 3110 doluti
357 3045 446 3111 della
460 3043 645 3129 desolapini
660 3044 704 3112 de
719 3043 899 3125 Hibernia,
917 3056 952 3111 et
967 3043 1048 3111 delli
1060 3043 1342 3130 indispositionia
1357 3044 1463 3111 rrice-

231 3182 292 3225 ver
307 3162 342 3226 la
356 3160 467 3245 gratia
482 3162 548 3229 che
562 3159 676 3227 Yddio
689 3159 715 3225 li
730 3160 911 3242 mandaua3
929 3180 970 3226 ee
986 3160 1093 3227 siamo
1108 3164 1191 3247 pero
1207 3159 1398 3247 rrallegrati
1413 3161 1457 3226 de

231 3276 253 3339 li
271 3275 421 3361 trauagli
435 3286 471 3343 et
486 3296 599 3361 crope,
616 3277 682 3343 che
701 3296 761 3362 per
777 3295 872 3342 amor
887 3276 943 3343 del
958 3275 1086 3362 Signor
1102 3278 1226 3343 havere
1246 3285 1464 3362 sopportat0,

230 3401 265 3458 et
280 3391 372 3459 dello
386 3390 493 3471 aiuto,
511 3394 577 3458 che
590 3392 624 3457 la
637 3408 702 3457 sua
720 3389 837 3456 divina
856 3394 987 3458 maesti
1007 3412 1049 3457 ve
1062 3392 1114 3457 'ha
1129 3402 1240 3477 port0‚
1264 3391 1465 3459 mandando.

229 3504 255 3570 li
270 3504 399 3591 angioii
414 3526 501 3591 suoy
515 3505 774 3593 acconpagnaui
790 3506 846 3572 all’
868 3516 966 3572 antar
987 3517 1022 3574 et
1042 3515 1113 3574 star
1131 3516 1168 3573 et
1189 3504 1299 3589 uenir,
1323 3516 1359 3571 et
1375 3505 1455 3575 libe-

233 3621 307 3688 ravi
321 3621 411 3688 della
425 3620 567 3706 fornace
582 3621 670 3690 delle
686 3619 823 3689 miserie
837 3622 881 3689 de
895 3619 1062 3689 Hivernia
1078 3624 1142 3689 che
1165 3621 1197 3707 pi
1218 3619 1406 3707 depingeti;
1425 3632 1459 3687 et

232 3736 304 3804 cosi
320 3758 476 3823 speramo
491 3760 535 3805 ve
550 3736 695 3805 liberari
710 3748 745 3805 et
765 3735 940 3805 condivira
960 3738 1032 3805 fare
1054 3736 1112 3821 qui
1132 3737 1271 3821 quando
1290 3735 1424 3821 piaperi
1440 3758 1460 3802 a

285 3906 300 3946 b
335 3919 375 3959 oo
387 3919 473 3975 poco,
483 3879 582 3958 nonu
597 3903 628 3958 S.
642 3902 713 3976 Ign.
750 3904 795 3945 -ὶ
804 3902 927 3959 debrian
940 3904 983 3959 id.

237 4006 450 4018 ———

287 4053 297 4088 ¹
332 4055 377 4109 Ex
398 4072 499 4128 apogr.
522 4055 553 4111 in
574 4052 677 4111 codice
698 4055 798 4125 Epist.
817 4056 854 4109 P.
875 4054 1023 4119 Salmer„
1043 4073 1071 4109 n.
1091 4052 1120 4125 3,
1138 4052 1219 4126 prius
1236 4053 1288 4109 fol.
1307 4050 1357 4122 53,
1380 4053 1458 4125 quod

229 4144 430 4216 apographum
442 4161 460 4199 a
471 4143 603 4215 librario,
616 4151 649 4200 ut
662 4142 788 4215 videtur,
802 4143 926 4216 hispano
939 4150 1101 4211 exaratum,
1116 4141 1216 4199 multis
1226 4148 1322 4199 scatet
1331 4140 1459 4212 mendis,

229 4240 261 4288 et
273 4249 394 4288 sensum
407 4231 612 4305 imperfectum
621 4230 797 4306 quandoque
809 4232 942 4289 exhibet.

282 4326 295 4356 ¹
331 4322 488 4378 Marcellus
502 4320 660 4377 Cervinus.
886 4326 889 4332 '

282 4411 294 4443 ⁸
330 4411 530 4483 Hieronymus
548 4410 706 4483 nicander,
725 4409 810 4481 eujus
832 4409 865 4466 fit
887 4410 997 4465 mentio
1020 4409 1050 4465 in
1069 4410 1158 4482 epist.
1178 4408 1243 4465 sive
1264 4406 1459 4465 instructione

228 4498 287 4555 sti.
299 4499 408 4569 Ignatii
419 4500 457 4555 ad
469 4500 528 4555 PP.
542 4499 743 4555 Salmeronem
755 4508 787 4555 et
802 4499 954 4567 Broetum,
967 4497 998 4553 in
1015 4498 1188 4554 Hiberniam
1206 4496 1374 4567 tendentes3
1388 4496 1458 4553 vide

227 4604 328 4659 supra,
341 4606 370 4644 n.
384 4586 429 4645 31.
443 4588 534 4644 Porro
544 4587 694 4644 Aleander
705 4588 833 4643 «Romae
845 4586 937 4643 cessit
950 4604 967 4643 e
980 4586 1042 4642 vita
1057 4599 1136 4659 1542,
1149 4588 1254 4643 Kalen.
1267 4588 1368 4658 Febr.,
1381 4602 1463 4645 anno.

227 4676 335 4733 aetatis
346 4676 382 4731 ⁶2
394 4677 523 4733 nondum
536 4686 669 4733 exacto».
683 4677 869 4748 UeuunLUS,
882 4675 977 4732 Italia
990 4693 1091 4743 saera,
1104 4677 1154 4749 lX,
1168 4674 1262 4747 38·41.
