3625 5400
446 465 498 536 578
558 483 561 491 ·
821 467 1030 527 Mosmnrt
1045 469 1227 556 ¹Iotntrntsn

474 621 524 686 La
539 618 650 706 gratia
666 630 701 688 et
716 609 966 713 amor'e‘eterno
982 623 1025 688 de
1037 623 1172 708 Jesux.⁰
1189 621 1226 688 S.
1245 621 1289 688 N.
1309 641 1443 706 sempre
1458 619 1509 688 sia
1528 618 1563 684 in
1580 621 1632 685 la-

409 757 494 802 uore
510 751 545 802 et
560 735 695 822 agiutto
710 734 873 802 continuo
888 738 932 804 de
945 737 989 826 V.
1004 726 1103 805 Rme.
1121 735 1209 806 Sria.
1223 744 1258 803 et
1275 736 1356 802 tutti
1371 734 1440 801 noi.
1461 737 1585 802 Amen.

475 851 599 935 Questi
615 850 701 920 mesi
716 850 828 936 pasati
844 851 983 937 rispossi
1000 853 1042 918 ad
1059 874 1126 918 vna
1142 851 1254 920 littera
1270 852 1313 918 de
1329 853 1372 918 V.
1393 850 1525 932 Sria.,¹,
1543 849 1631 916 nella

407 968 507 1051 quale
522 988 586 1032 con
604 965 660 1052 pia
675 965 903 1033 sollicitudine
923 967 978 1034 del
995 987 1149 1034 comesso
1171 986 1292 1054 grege,
1311 977 1345 1034 et
1369 965 1457 1032 santi
1473 963 1631 1034 desiderii

405 1083 451 1150 de
463 1083 618 1167 pascerlo
631 1080 913 1168 spiritualmente,
929 1083 972 1149 V.
987 1081 1076 1152 Sria.
1090 1082 1245 1150 inuitaua
1256 1082 1372 1148 alcuni
1383 1083 1426 1149 de
1437 1079 1557 1160 nostri,
1572 1101 1631 1166 per

407 1198 622 1284 adoperargli
637 1197 672 1263 in
690 1208 811 1282 questo
826 1197 1016 1264 ministerio
1032 1195 1110 1265 dell’
1127 1198 1251 1279 anime,
1269 1177 1457 1264 ad‘honore
1472 1209 1507 1264 et
1523 1195 1632 1282 gloria

407 1315 450 1378 de
466 1313 533 1379 Dio
549 1325 702 1396 creatore
718 1325 753 1378 et
768 1313 906 1400 signore
921 1324 1050 1394 nostro;
1065 1323 1099 1382 et
1115 1313 1295 1380 ricordomi
1312 1315 1376 1381 che
1388 1313 1443 1378 all'
1457 1315 1553 1390 hora,
1571 1331 1631 1397 per

406 1450 519 1496 essere
535 1428 648 1495 alcuni
664 1431 709 1498 de
724 1439 846 1515 questa
869 1441 985 1496 nostra
1006 1429 1145 1500 minima
1166 1429 1380 1515 Compagnia
1395 1426 1553 1512 occupati
1576 1428 1632 1491 nel

408 1543 564 1623 concilio,
584 1544 661 1610 altri
676 1543 711 1610 in
728 1545 812 1610 altre
828 1543 883 1630 pie
898 1567 1012 1630 opere,
1036 1567 1105 1612 non
1126 1547 1171 1611 ho
1194 1556 1316 1630 potuto
1333 1543 1466 1610 offerire
1485 1544 1529 1609 de
1552 1565 1632 1629 pre-

341 1645 344 1649 ’
406 1668 504 1725 sente
519 1669 646 1725 atanto
662 1669 762 1726 santa
777 1659 949 1726 domanda
961 1661 1060 1741 altr0,
1075 1663 1140 1728 che
1155 1661 1188 1726 la
1200 1660 1338 1728 volontzi
1350 1670 1506 1745 prompto
1521 1681 1543 1724 a
1559 1679 1631 1725 ser·

410 1773 483 1839 uire
500 1774 532 1842 la
547 1773 642 1854 Sria.
654 1777 696 1841 V.
717 1775 752 1841 in
768 1774 910 1843 seruitio
927 1777 969 1856 de
985 1786 1102 1843 nostro
1118 1797 1243 1843 comun
1258 1775 1396 1862 signore
1407 1777 1558 1862 Jesux.⁰;
1577 1796 1631 1840 rna

408 1912 469 1974 per
484 1889 507 1954 l'
526 1889 701 1972 aduenire,
718 1911 815 1956 come
830 1890 958 1956 fossino
974 1891 1087 1958 alcuni
1103 1893 1146 1959 de
1162 1891 1268 1957 nostri
1284 1890 1433 1976 expediti
1449 1891 1492 1956 de
1507 1891 1632 1956 alcune

405 2005 541 2092 vrgenti
558 2005 786 2091 occupationi,
805 2029 826 2072 o
843 2028 926 2074 vero
942 2006 965 2072 il
982 2027 1123 2073 numero
1140 2009 1183 2075 de
1198 2007 1343 2093 operarii
1358 2029 1395 2074 se
1407 2005 1631 2092 multiplicas·

406 2121 447 2201 si,
466 2122 498 2188 io
515 2121 561 2186 mi
577 2123 727 2190 offereua
742 2122 785 2188 de
800 2120 956 2192 satislare
979 2144 1043 2188 con
1068 2124 1182 2207 quello
1207 2125 1272 2190 che
1293 2122 1419 2208 potessi
1436 2123 1501 2188 alla
1521 2123 1630 2188 deuo·

413 2236 504 2305 tione
520 2239 564 2305 de
580 2238 623 2304 V.
647 2237 735 2305 Sria.
753 2248 789 2303 et
808 2237 851 2304 de
871 2237 985 2304 alcuni
1001 2239 1057 2319 del
1072 2259 1135 2306 suo
1151 2238 1274 2324 popolo
1289 2250 1314 2318 ²,
1333 2239 1398 2304 che
1414 2239 1569 2304 anchora
1585 2237 1631 2302 mi

406 2353 498 2419 hano
519 2354 603 2419 fatto
624 2353 829 2419 domandare
845 2352 869 2417 il
884 2353 1098 2421 medessimo.
1119 2355 1252 2419 Adesso
1268 2355 1439 2438 adunque,
1456 2353 1632 2420 ricordan-

407 2468 498 2533 domi
515 2469 604 2534 della
619 2490 803 2553 promessa,
821 2482 856 2533 et
872 2468 930 2554 piri
946 2470 1001 2534 del
1018 2470 1124 2536 frutto
1139 2471 1195 2537 del
1215 2469 1333 2536 diuino
1348 2473 1489 2550 honore,
1508 2481 1543 2535 et
1558 2491 1631 2536 ser-

409 2583 505 2662 uitio,
521 2596 556 2649 et
572 2583 705 2669 agiutto
721 2585 810 2650 delle
825 2584 949 2666 anime,
965 2587 1043 2669 qual
1056 2586 1099 2652 V.
1115 2584 1202 2653 Sria.
1218 2596 1388 2651 mostraua
1404 2607 1555 2670 sperare,
1569 2587 1632 2651 ha-

407 2699 522 2765 uendo
538 2698 624 2765 costi
641 2698 797 2781 ministri,
816 2701 861 2766 rni
877 2723 962 2767 sono
978 2702 1126 2769 sforzato
1141 2700 1175 2767 di
1193 2703 1332 2767 mandar
1348 2700 1413 2767 alla
1429 2701 1517 2769 Sria.
1537 2702 1581 2767 V.
1608 2702 1632 2765 il

408 2817 510 2881 Mtro.
525 2815 593 2880 don
605 2817 747 2902 Jacomo
759 2817 908 2901 Laynez,
924 2818 1104 2902 portadore
1119 2818 1162 2884 de
1177 2818 1211 2881 la
1227 2827 1396 2902 presente,
1411 2816 1512 2902 quale
1528 2818 1546 2881 ὲ
1564 2838 1632 2883 vno

406 2930 500 3016 degli
517 2929 615 3015 primi
631 2932 675 2999 de
690 2942 806 2998 nostra
822 2931 1046 3018 Compagnia,
1066 2930 1095 2998 si
1116 2930 1150 2997 in
1169 2944 1294 3017 temp0,
1312 2946 1346 2999 et
1363 2931 1464 2999 etiam
1481 2930 1517 2997 in
1543 2940 1632 2999 tutte

408 3044 441 3113 le
461 3045 550 3135 parti
572 3046 734 3131 requisite
754 3049 798 3112 ad
817 3068 864 3112 vn
884 3046 1038 3132 operario
1059 3030 1151 3114 della¹
1167 3045 1271 3132 vigne
1293 3047 1484 3134 deJesux.⁰
1505 3048 1542 3114 S.
1570 3048 1630 3126 N.,

409 3182 506 3227 come
526 3160 560 3227 io
580 3161 614 3227 in
635 3183 713 3229 esso
740 3161 868 3248 Signor
894 3174 1013 3228 nostro
1033 3160 1079 3227 mi
1099 3162 1281 3247 persuado,
1299 3172 1334 3228 et
1355 3184 1455 3231 come
1475 3164 1519 3229 V.
1542 3162 1630 3231 Sria.

407 3288 503 3344 tanto
520 3277 578 3362 pin
595 3278 773 3357 conocert,
792 3288 921 3362 quanto
943 3278 1011 3343 don
1028 3278 1171 3363 Jacomo
1193 3276 1241 3363 gli
1258 3276 1333 3345 sarl
1358 3276 1414 3363 pin
1434 3275 1629 3345 conociuto.

475 3391 514 3459 L’
537 3392 720 3460 habbiamo
747 3404 869 3459 cauato
897 3413 963 3458 con
984 3392 1149 3458 difficultal
1176 3392 1228 3461 del
1258 3392 1415 3473 coneilio,
1446 3393 1633 3479 percheto

408 3510 537 3574 Trento
553 3520 588 3574 et
601 3507 768 3594 Bolognia
784 3508 889 3574 molto
904 3529 942 3575 se
958 3530 1002 3575 ne
1018 3508 1201 3575 seruiuano
1213 3510 1256 3575 de
1268 3508 1300 3577 le
1316 3507 1443 3577 fatiche
1458 3528 1520 3574 sue
1536 3531 1597 3593 per
1609 3508 1633 3573 il
1646 3502 1653 3511 '

408 3626 475 3689 ben
492 3645 639 3690 comune
655 3623 702 3711 gli
719 3623 837 3710 legati,
852 3644 949 3691 come
965 3622 998 3689 io
1014 3626 1058 3690 ho
1076 3623 1185 3690 inteso
1197 3644 1257 3711 per
1272 3623 1384 3690 littere
1400 3624 1455 3691 del
1472 3626 1570 3690 Rmo.
1589 3626 1633 3691 de

410 3742 516 3807 Santa
528 3740 551 3827 Τ
564 3742 589 3821 ³,
603 3750 639 3805 et
654 3760 752 3805 come
768 3739 790 3804 l’
808 3740 936 3805 hauerzl
953 3742 1061 3805 anche
1078 3739 1271 3807 facilmente
1282 3739 1411 3807 intesso
1423 3741 1467 3806 V.
1482 3739 1581 3819 Sria.,
1596 3761 1634 3807 se

409 3856 428 3921 ὲ
449 3856 630 3922 informato
649 3856 684 3921 di
705 3854 808 3941 quelli
828 3854 857 3921 si
876 3837 1041 3921 trouorno
1063 3855 1098 3922 in
1119 3856 1261 3923 coneilio
1282 3858 1325 3923 de
1345 3855 1520 3935 Fiorenza,
1543 3856 1634 3923 doue

464 4125 476 4151 ²
513 4109 621 4180 pupolo
634 4125 690 4162 mo.

463 4338 474 4367 ²
511 4332 670 4388 Perusinus
683 4331 838 4404 episcopus
855 4330 1035 4401 (1539-1550)
1053 4338 1116 4386 erat
1132 4331 1155 4385 F
1157 4330 1305 4385 ranciseus
1323 4328 1519 4385 Bernardinus
1539 4330 1634 4385 Simo·

409 4429 502 4489 netta,
515 4422 621 4477 nobilis
635 4420 872 4491 mediolanensis,
886 4419 923 4475 de
936 4438 993 4492 quo
1013 4418 1147 4474 videatur
1156 4420 1355 4490 0UGHELLUS,
1375 4419 1468 4474 Italia
1491 4436 1589 4483 sacra,
1609 4418 1633 4487 1,

414 4522 442 4563 11
465 4526 491 4563 o.

446 4523 475 4629 7³
513 4598 704 4655 «Recesserat
716 4598 858 4667 Bononia,
874 4607 904 4654 et
917 4596 1035 4670 quidem
1049 4599 1125 4653 bona
1137 4614 1205 4653 cum
1219 4596 1306 4651 venia
1318 4594 1481 4653 Cardinalls
1492 4596 1634 4653 sanetae·

411 4686 525 4757 Crucis,
539 4688 573 4743 P.
588 4688 714 4758 jacobus
728 4688 876 4759 Laynezo,
890 4695 948 4742 etc.
963 4687 1144 4755 PoLAttctJS,
1161 4686 1284 4750 Chron„
1299 4686 1321 4755 Ι,
1336 4686 1397 4741 218.
