3625 5400
637 471 740 526 Epist.
761 465 1042 529 t3o.-8Aueusr1
1062 467 1130 537 1546
1357 476 1361 481 ·
1404 467 1458 538 403

262 641 340 708 que
356 645 400 692 en
414 623 466 690 los
481 621 632 690 caminos
648 623 693 688 ha
707 622 853 701 (tenedo,
870 643 893 707 y
908 641 978 707 que
993 625 1067 687 mis
1081 640 1146 688 nos
1164 622 1280 707 puode
1296 623 1427 707 ayudar
1449 622 1494 697 de

263 735 386 808 (tonde
402 741 486 820 esti,
505 759 572 823 que
587 737 616 804 si
631 749 729 806 entre
744 749 901 804 nosotros
916 742 981 804 aci
992 737 1141 822 quedara
1153 737 1179 804 ⁴.

340 855 407 926 sea
423 875 485 940 por
499 855 581 921 todo
595 853 705 940 gloria
720 853 837 924 amos
852 855 896 922 N.
915 854 952 922 S.
971 854 1098 921 Amin.
1117 854 1232 921 Amen
1245 853 1267 920 l.

339 970 394 1036 De
410 970 517 1037 Roma
533 987 553 1053 7
569 971 611 1036 de
628 972 763 1056 Agosto
782 970 879 1054 1546.

340 1086 394 1154 De
409 1087 453 1154 V.
469 1087 513 1154 R.
531 1085 670 1152 minimo
682 1106 725 1152 en
742 1087 773 1156 el
789 1087 900 1155 Senor
915 1095 1070 1166 nuestro,

361 1199 363 1204 '
1004 1200 1315 1271 Remmiam.

344 1315 477 1384 Titulus
492 1319 658 1404 epistotae.
678 1317 863 1402 cartaque
883 1337 904 1386 o
926 1318 966 1384 P.
986 1317 1203 1386 Bertolemeu
1225 1319 1356 1388 Ferron
1377 1338 1493 1392 escre-

267 1450 341 1500 ueo
357 1454 400 1500 ao
416 1435 453 1499 Ρ.
472 1436 520 1502 Μ.
539 1432 715 1502 Simon...
877 1499 904 1528 ·.
991 1462 996 1470 ¹

761 1579 765 1588 '
854 1567 917 1648 1311

310 1691 464 1758 PATER
489 1689 911 1759 BARTHOLOMAEUS
934 1691 1198 1760 FERRONIUS
1222 1693 1284 1758 EX
1308 1692 1460 1759 COMM.

540 1803 667 1863 SOCIIS
686 1804 728 1859 IN
746 1805 937 1860 HISPANIA
955 1805 1230 1880 VERSANnBUS

688 1933 776 1976 noun
795 1920 963 1977 8nueusr1
978 1925 1046 1991 1540
1059 1922 1080 1982 ¹.

273 2037 467 2110 Propositum
477 2038 569 2107 ¹ducis
575 2037 737 2109 florentini
753 2039 843 2107 atque
858 2036 1005 2091 antistitis
1023 2037 1257 2102 claromontani,
1271 2037 1429 2094 Societotis
1439 2039 1497 2094 col·

326 2127 409 2200 legia
421 2129 578 2182 instituere
591 2126 767 2190 volentium,
777 2125 865 2180 sociis
873 2125 1114 2196 hispaniensibus
1129 2126 1277 2192 declarat·
1290 2131 1356 2182 turn
1368 2127 1496 2198 aliquos,

327 2216 468 2272 doctrino
484 2221 512 2272 et
530 2217 710 2270 anctoritate
725 2214 861 2297 insignes
879 2216 972 2279 viros,
991 2214 1167 2271 Societatem
1184 2216 1327 2286 amplecti
1348 2216 1498 2284 statuisse

328 2305 453 2360 Patrem
467 2303 684 2376 Donneneccum
698 2303 854 2358 Bononiae
864 2303 1030 2376 diligenter
1046 2303 1241 2370 dilatorum
1249 2308 1401 2376 postremo
1413 2307 1498 2360 soda-

329 2394 371 2449 les
389 2393 502 2449 Romae
518 2395 657 2466 degentes
673 2391 806 2447 coelestis
817 2391 953 2464 fiduciae
976 2396 1005 2447 et
1016 2391 1228 2447 corneolotionie
1238 2409 1342 2447 cemus
1353 2410 1390 2448 ex
1401 2398 1498 2449 morte

257 2559 260 2570 ¹
330 2483 419 2540 Petri
435 2483 528 2538 Fabri
540 2485 674 2553 expertos
685 2481 795 2552 fuisse.

343 2589 393 2656 La
408 2609 541 2658 summa
556 2587 671 2674 gracia
687 2611 709 2674 y
728 2608 824 2655 amor
844 2599 964 2656 eterno
983 2588 1027 2655 de
1047 2590 1137 2675 Xpo.
1161 2590 1206 2656 N.
1230 2589 1267 2658 S.
1286 2611 1344 2657 sea
1364 2610 1499 2677 sempre

267 2726 322 2773 *en
339 2716 478 2771 nuestro
491 2705 654 2771 continuo
672 2705 806 2791 fauory
823 2706 948 2791 ayuda.

342 2818 541 2889 Auiendose
564 2842 607 2905 ya
629 2820 829 2905 escrito'por
851 2832 926 2887 otra
947 2821 1091 2907 algunas
1114 2842 1214 2889 cosas
1234 2821 1279 2890 de
1299 2827 1400 2906 aqui,
1422 2821 1452 2889 si
1467 2822 1499 2889 el

266 2955 395 3003 -correo
408 2956 525 3022 espere
538 2936 581 3003 de
593 2956 719 3016 nueuo,
739 2937 843 3021 podre
857 2937 901 3004 de
914 2936 1061 3022 algunos
1075 2936 1374 3023 particularmente
1386 2938 1500 3005 auisa·

251 3066 253 3071 ⁴
277 3071 333 3117 ros
348 3072 393 3118 en
408 3051 442 3117 el
456 3052 566 3120 Senor
582 3062 735 3133 nuestr0,
757 3074 780 3135 y
801 3074 837 3121 es
858 3072 935 3136 que,
959 3056 1071 3137 segiin
1092 3053 1212 3117 hemos
1228 3051 1331 3119 auido
1351 3054 1401 3118 las
1419 3052 1499 3118 iilti·

277 3186 350 3233 mas
365 3176 476 3232 cartas
492 3166 536 3235 de
552 3166 728 3235 Florencia
742 3166 889 3253 despuis
902 3186 970 3251 que
980 3187 1025 3251 ya
1040 3166 1248 3234 escreuimos
1260 3168 1304 3233 de
1315 3168 1366 3232 los
1382 3180 1500 3234 santos
1547 3168 1550 3177 ’

278 3282 418 3349 affectos
433 3304 456 3368 y
471 3281 661 3368 propesitos
676 3282 731 3349 del
747 3282 862 3367 duque
878 3282 889 3313 ²
907 3304 988 3367 pera
1008 3284 1110 3348 hezer
1128 3282 1274 3368 algunas
1295 3284 1397 3348 obras
1413 3288 1498 3368 pias,

280 3418 303 3481 y
322 3414 469 3482 acerque
489 3398 521 3463 la
541 3396 766 3483 Compannie,
789 3418 896 3483 agore
914 3398 952 3466 S.
970 3398 1057 3465 Stia.
1075 3420 1119 3482 ya
1139 3419 1176 3463 se
1192 3400 1236 3462 ha
1251 3397 1497 3478 determinado,

278 3514 470 3579 mandando
487 3512 587 3579 mirer
603 3512 634 3578 el
650 3512 756 3597 mejor
768 3510 845 3579 sitio
860 3533 943 3597 pera
957 3533 1024 3579 vna
1039 3532 1119 3579 cesa
1137 3514 1228 3579 dela
1244 3513 1430 3599 Compania
1445 3535 1500 3581 em

271 3624 457 3696 'Florencia
472 3651 494 3713 y
511 3648 557 3693 un
574 3626 708 3713 colegio
724 3648 768 3693 en
786 3625 876 3707 Pisa;
896 3650 930 3713 y,
949 3647 1047 3693 como
1060 3628 1159 3695 uaian
1171 3628 1237 3695 alli
1253 3630 1398 3715 algunos
1413 3629 1457 3697 de
1468 3630 1501 3695 la

280 3743 479 3829 Committe,
498 3765 565 3828 que
581 3744 664 3809 haret
677 3741 815 3809 tanbiin
832 3764 900 3808 vna
916 3764 994 3809 casa
1010 3744 1053 3811 de
1069 3754 1166 3810 santa
1180 3746 1314 3811 Martha
1329 3746 1355 3812 ³.

345 3858 564 3943 Ansymismo
585 3858 616 3923 el
643 3855 761 3945 obispo
788 3858 831 3927 de
858 3858 1077 3925 Claramonte
1097 3859 1128 3941 ⁴,
1151 3859 1292 3945 prelado
1313 3859 1356 3926 de
1377 3859 1502 3925 mucha

329 4019 343 4069 i.
357 4018 416 4074 Hic
428 4018 539 4073 desinit
553 4019 607 4071 alt.
623 4036 668 4073 ex.

280 4114 490 4127 m———n-u

331 4154 344 4187 ⁴
379 4149 464 4209 Obiit
477 4152 509 4205 P.
524 4152 629 4221 Faber,
641 4160 673 4206 ut
687 4159 787 4206 notum
801 4159 857 4221 est,
875 4162 886 4205 1
903 4151 1032 4220 Augusti
1048 4152 1126 4219 1546.
1148 4197 1151 4202 ⁴

277 4296 279 4303 .
333 4242 341 4275 ¹
379 4240 422 4294 Ex
440 4242 502 4295 cod.
530 4240 618 4295 Ebor.
638 4240 662 4304 t,
686 4256 799 4311 apogr„
818 4240 868 4295 iol.
893 4240 938 4293 62.
961 4238 1050 4295 Aliud
1071 4241 1197 4295 habetur
1214 4238 1382 4312 exemplum
1395 4241 1424 4296 in
1437 4242 1501 4298 cod.

277 4328 367 4385 Ebor.
382 4328 425 4393 II,
440 4328 468 4384 ff.
484 4327 598 4399 83v·84,
611 4346 627 4383 a
640 4327 829 4400 praecedenti
848 4327 948 4383 verbis
961 4337 991 4381 et
1004 4327 1074 4382 stilo
1092 4327 1177 4383 valde
1195 4326 1356 4400 diversum,
1371 4330 1450 4401 licet,
1466 4329 1503 4385 ad

268 4417 485 4489 sensumquod
494 4418 611 4487 attinet,
625 4416 703 4471 idem
716 4416 834 4471 omnino
852 4415 900 4471 sit:
917 4413 1034 4471 videtur
1047 4415 1172 4487 epistola
1190 4416 1322 4472 Ferronii
1339 4418 1503 4490 eliquantu-

176 4571 179 4577 .
271 4505 339 4561 ium
352 4507 496 4576 castigata
507 4514 537 4561 et
550 4506 651 4576 polita.
1503 4510 1508 4520 ’

333 4598 344 4629 ¹
382 4594 504 4651 Cosmas
518 4594 678 4657 Medieeus.
1011 4594 1022 4625 ³
1059 4591 1106 4649 cf.
1121 4593 1207 4665 epist.
1222 4593 1283 4654 128.

333 4685 345 4718 ⁴
382 4684 546 4739 Gulielmus
569 4682 606 4737 de
628 4682 726 4738 Prato.
751 4682 836 4754 Quae
853 4682 901 4737 hic
923 4681 1127 4753 attinguntur,
1144 4700 1184 4738 -ee
1206 4691 1305 4739 narrat
1323 4684 1506 4755 POLANCUS,
