3625 5400
405 489 460 548 41⁰
779 480 988 536 Mortuum
1008 476 1184 532 lassamus

308 601 312 616 ⁵
369 630 436 696 lam
452 629 644 713 scribimus,
662 631 697 698 in
712 651 875 719 magnam
890 631 1035 696 fratrum
1052 628 1203 694 omniurn
1220 627 1255 694 in
1274 625 1413 695 Christo
1437 627 1596 694 consola-

370 745 498 812 tionem
514 755 571 812 etc
593 749 618 812 ³.

436 862 554 946 Quum
569 883 655 949 ergo
665 863 737 948 jam
758 881 851 930 nunc
871 860 929 928 illa
949 859 1196 948 expectationis
1218 881 1322 928 causa
1343 871 1466 942 cesset,
1485 860 1597 929 felicis

368 975 471 1041 Fabri
487 975 557 1062 (qui
573 998 636 1043 nos
653 998 774 1044 omnes
790 997 882 1072 nunc
903 976 1015 1064 magis
1025 976 1164 1062 juuabit
1187 990 1282 1045 certo
1297 996 1399 1061 quarn
1416 975 1453 1047 in
1468 979 1593 1044 huma-

367 1089 421 1156 nis
436 1090 615 1176 potuisset;
638 1103 673 1158 et
696 1091 773 1158 talis
795 1113 874 1178 spes
889 1109 930 1159 ac
945 1091 1053 1160 letitia
1076 1090 1204 1158 nostris
1230 1091 1349 1178 illapsa
1365 1091 1418 1160 est
1434 1089 1556 1158 animis
1573 1113 1598 1158 a

368 1204 528 1290 Domino)
544 1207 651 1273 Rdus.
666 1206 825 1272 dominus
849 1204 1004 1293 Ignatius
1024 1227 1094 1272 non
1114 1205 1221 1274 vestri
1238 1205 1377 1286 oblitus,
1396 1207 1458 1274 sed
1474 1205 1593 1274 confe-

372 1341 451 1388 rens
466 1319 502 1386 in
517 1322 620 1388 oorde
635 1342 698 1389 suo
714 1321 863 1408 singula,
880 1321 948 1388 iam
965 1342 1057 1388 nunc
1072 1343 1133 1408 per
1149 1343 1204 1389 me
1219 1320 1400 1410 indignum
1423 1319 1594 1402 rescribit,

372 1436 464 1521 quod
479 1435 545 1502 sibi
561 1447 614 1503 est
630 1435 743 1504 animo
757 1446 793 1504 et
808 1435 924 1517 sentit,
942 1435 1102 1505 videlicet
1118 1438 1195 1503 hoc.

442 1550 608 1634 Primum,
626 1563 757 1620 attento
773 1528 866 1637 quod
886 1551 1041 1620 Societas
1061 1553 1301 1638 quoquomodo
1317 1561 1352 1621 te
1362 1533 1595 1619 ¹libentissime

373 1667 577 1752 acceptabit,
595 1665 668 1734 sive
682 1677 720 1732 vt
735 1688 828 1734 nunc
838 1667 981 1734 edoctus
996 1686 1046 1748 es,
1060 1667 1133 1734 sive
1150 1667 1210 1733 tibi
1225 1665 1371 1753 amplius
1382 1645 1592 1736 studendum

372 1781 429 1863 sit3
445 1783 523 1860 hoe,
542 1781 693 1868 inquam,
711 1781 901 1868 supposito,
915 1803 1021 1867 quum
1034 1783 1134 1862 vltra,
1149 1794 1187 1848 tu
1199 1781 1320 1849 melius
1331 1782 1374 1849 de
1387 1784 1489 1849 rebus
1500 1783 1592 1850 Ger-

373 1895 507 1965 maniae
521 1895 670 1980 noueris,
692 1913 848 1963 nostrum
870 1907 923 1964 est
939 1909 974 1966 te
993 1897 1036 1962 de
1058 1896 1188 1966 exteris·
1205 1896 1400 1978 informare,
1418 1895 1595 1964 videlicet:

301 2037 305 2045 ·
373 2032 479 2096 quum
495 2011 536 2078 iis
546 2013 619 2097 jam
635 2011 846 2098 temporibus
861 2011 1006 2098 collegia
1020 2011 1199 2080 societatis
1215 2011 1250 2078 in
1261 2010 1591 2088 diuersisuniuersi-

375 2126 502 2194 tatibus
517 2125 585 2193 sint
601 2126 736 2207 infieri,
754 2139 791 2192 vt
803 2140 855 2196 est
867 2127 1012 2206 Patauii,
1028 2127 1213 2207 Bononiae,
1228 2126 1338 2206 Pisae,
1348 2126 1506 2208 Parisiis,
1522 2128 1608 2195 Va-.

374 2240 488 2322 lentie,
506 2241 642 2310 Gandie
657 2242 682 2325 ⁴,
700 2243 943 2329 persuademur
959 2241 1027 2308 cito
1045 2243 1127 2322 fore,
1146 2253 1183 2308 vt
1194 2263 1281 2328 opus
1296 2242 1340 2307 sit
1355 2241 1534 2328 providere
1549 2241 1592 2309 de

373 2356 540 2444 personis,
554 2357 628 2426 siue
640 2358 839 2440 scolaribus
852 2357 928 2426 siue
939 2357 1135 2438 lectoribus,
1146 2357 1220 2426 siue
1232 2357 1291 2442 qui
1303 2359 1452 2424 habeant
1465 2357 1598 2442 guber-¹

376 2472 548 2538 nationem
564 2472 796 2558 collegiorum.

439 2587 578 2672 Quibus
602 2588 740 2655 demum
760 2587 920 2656 omnibus
939 2588 1135 2676 suppositis,
1158 2588 1317 2656 dominus
1341 2585 1497 2674 [gnatius
1526 2587 1594 2654 hoc

374 2702 491 2783 sentit,
508 2713 557 2783 vt,
575 2702 829 2791 circumspectis
841 2727 902 2791 per
914 2716 948 2771 te
964 2704 1108 2791 singulis
1121 2715 1155 2771 et
1162 2703 1324 2790 judicatis
1336 2702 1373 2770 in
1385 2702 1544 2784 Domino,
1560 2702 1597 2771 id

376 2816 494 2898 facias,
513 2820 606 2905 quod
617 2819 728 2905 magis
741 2821 870 2887 senties
883 2821 919 2886 in
937 2832 995 2887 tua
1011 2819 1230 2901 conscientia,
1249 2840 1289 2887 ae
1305 2818 1333 2887 si
1349 2819 1484 2886 isidem
1500 2840 1600 2887 esses

375 2932 411 2999 in
426 2954 489 2999 sua
500 2934 750 3021 gubernatione
766 2938 866 3024 (quae
881 2937 1011 3022 estjam
1024 2936 1083 3003 diu
1099 2936 1173 3005 eius
1185 2938 1228 3005 de
1241 2946 1274 3003 te
1285 2935 1489 3021 expectatio,
1503 2934 1599 3019 quod

375 3047 534 3117 videlicet
549 3048 584 3117 in
612 3051 812 3139 obsequium
839 3050 968 3119 Christi
994 3051 1136 3138 evigiles
1160 3054 1264 3136 'atque
1291 3050 1448 3135 labores),
1472 3049 1546 3116 siue
1562 3061 1598 3116 te

375 3184 524 3246 manere,
543 3165 617 3232 siue
630 3165 681 3233 ire
695 3166 731 3233 in
747 3138 871 3247 studia,
889 3168 964 3235 siue
982 3168 1099 3235 venire
1116 3170 1269 3235 Romam.
1294 3168 1337 3233 Et
1356 3166 1448 3251 quod
1470 3165 1518 3231 sic
1533 3186 1597 3251 per

376 3291 411 3348 te
427 3278 491 3348 erit
506 3282 718 3363 conclusum,
736 3282 875 3350 domino
890 3283 1024 3369 Ignatio
1040 3283 1104 3349 erit
1120 3292 1264 3363 rectum,
1282 3291 1316 3348 et
1332 3283 1460 3347 bonurn
1477 3300 1599 3349 cense-

376 3394 437 3476 bit3
455 3398 547 3479 quod
568 3397 667 3463 nobis
687 3397 950 3485 quamprimum
972 3376 1072 3465 etiarn
1093 3398 1258 3465 indicabis
1273 3409 1308 3465 et
1324 3398 1367 3465 de
1388 3396 1547 3463 omnibus
1561 3404 1598 3463 et

377 3510 460 3596 quid
474 3512 635 3581 statueris
654 3524 767 3580 certos
786 3515 919 3582 reddes.
939 3514 982 3580 Et
998 3534 1103 3597 quum
1120 3536 1186 3600 ego
1202 3523 1448 3599 preoccupatus
1464 3509 1527 3577 sim
1542 3510 1597 3577 di-

270 3642 275 3651 ·
375 3648 492 3712 sperse
507 3628 671 3696 Societati
686 3628 878 3712 scribendo,
892 3629 995 3696 simul
1008 3631 1145 3697 fratrem
1157 3630 1488 3717 nostrumJacobum
1500 3630 1600 3693 Dua*

375 3738 537 3830 [oensem]
552 3744 564 3778 ⁵
579 3743 726 3810 conveni
741 3755 790 3825 vt,
808 3744 838 3811 si
851 3744 963 3812 ocium
980 3745 1044 3815 erit
1060 3744 1124 3811 sibi
1137 3745 1268 3831 piorum
1284 3766 1439 3831 operum,
1455 3742 1524 3809 tuis
1539 3742 1596 3808 lit-

376 3856 470 3940 teris,
488 3880 509 3923 a
523 3867 559 3924 te
573 3858 638 3924 sibi
652 3858 766 3925 missis
781 3854 987 3946 nuperrime,
1006 3860 1143 3928 nomine
1163 3859 1313 3927 omnium
1336 3859 1437 3929 etiarn
1454 3878 1595 3945 respon·

375 3974 483 4053 deret,
497 3993 587 4059 quae
602 3974 711 4057 nobis,
729 3985 767 4040 vt
781 3975 906 4059 solent,
923 3996 1090 4063 magnam·
1099 3979 1242 4045 attulere
1258 3976 1537 4044 consolationem.

442 4089 537 4156 Vidit
551 4092 596 4156 D.
614 4091 724 4159 Faber
740 4102 774 4159 et
795 4102 871 4159 tuas
898 4103 978 4159 ante
1005 4092 1237 4159 felicissimum
1261 4114 1362 4159 suum
1389 4090 1595 4173 discessum,

377 4227 478 4289 quern
495 4225 594 4274 orare
608 4227 671 4292 pro
686 4206 784 4275 nobis
801 4207 910 4295 magis
927 4207 1026 4275 nobis
1042 4208 1179 4289 arridet,
1197 4230 1298 4294 quam
1314 4228 1411 4276 orare
1431 4227 1493 4293 pro
1509 4206 1595 4292 ipso,

429 4422 441 4455 ⁸
477 4419 525 4476 ct.
540 4421 707 4492 superiores
720 4422 873 4494 epistolas.

427 4509 440 4537 ⁴
475 4509 792 4583 Agitdehtseptstou
806 4522 868 4582 119.

426 4600 438 4631 ⁸
474 4598 504 4653 ls
517 4600 647 4670 Jacobus
665 4600 760 4655 Faber
778 4608 836 4670 est,
854 4600 961 4655 utinm
978 4602 1128 4673 magister,
1149 4600 1314 4658 duacensis.
1329 4600 1600 4667 Bsnuusnustomt,

372 4690 465 4745 Beati
476 4688 565 4744 Patri
577 4688 729 4745 canisii...
741 4689 927 4763 epistulares
939 4696 1019 4757 arta,
1030 4692 1055 4763 1,
1066 4704 1129 4760 212,
1140 4692 1191 4749 ubi
1200 4692 1273 4747 haec
1283 4691 1347 4763 ipsu
1356 4688 1482 4763 epistola
1491 4688 1598 4745 editor.
