3625 5400
541 512 646 569 Enisa.
663 510 781 583 78.-19
799 513 892 584 Jucu,
918 527 1058 572 incenso
1077 529 1166 574 suno
1382 516 1435 586 293

307 721 505 804 Inscriptio.
517 664 617 806 juin.
635 717 682 786 Al
696 715 765 786 mio
780 719 918 808 signore
938 722 995 789 nel
1018 721 1164 810 Signore
1186 734 1317 806 nostro,
1341 746 1472 792 messer

236 830 379 915 Jacomo
395 823 606 894 Crescentio.

830 992 881 1074 78

353 1141 570 1207 ANTONIO
594 1141 769 1208 PUCCIO
794 1141 1192 1212 POENITENTIARIO
1217 1143 1334 1211 MAX.

576 1285 665 1328 noun
685 1285 719 1344 19
736 1285 983 1343 Jucu‚1ucnaro
1002 1287 1091 1332 anuo
1111 1276 1131 1330 ¹.

239 1390 304 1444 Pro
329 1388 451 1462 infelice
477 1390 608 1460 quodam
633 1391 785 1445 sacerdote
810 1389 954 1464 [gnatius
979 1391 1175 1464 deprecatur,
1206 1396 1331 1462 oratque
1357 1395 1391 1446 nt
1412 1391 1471 1447 sibi

286 1479 348 1551 fiat
355 1481 489 1552 potestas
504 1480 546 1534 ad
563 1479 656 1533 ilium
671 1479 706 1534 in
716 1478 792 1551 foro
808 1481 1007 1536 conscientiae
1023 1480 1060 1534 ab
1077 1481 1363 1554 irregularitatibns
1375 1481 1469 1536 obsol-

292 1569 436 1623 vandum.

304 1821 429 1888 Rev.¹¹¹⁰
446 1817 646 1904 monsignor
662 1816 730 1884 mio
745 1829 780 1886 et
796 1819 902 1904 padre
917 1819 953 1884 in
969 1818 1110 1888 Christo
1127 1831 1236 1886 oss¹²¹⁰

306 1935 497 2001 Ch’e·vn0
522 1933 771 2020 gentilhuomo,
793 1932 818 1997 il
837 1935 950 2018 quale,
977 1935 1137 2003 hauendo
1163 1929 1200 2002 18
1221 1933 1313 2015 anni,
1341 1934 1370 2000 si
1386 1935 1467 2034 'fece

240 2051 417 2126 sacerdote
437 2071 541 2117 senza
560 2049 683 2117 lettere
703 2048 925 2135 gramaticale
945 2059 978 2118 et
1005 2071 1107 2116 senza
1127 2049 1273 2132 licenza3
1296 2061 1331 2116 et
1350 2049 1464 2138 depoi,

239 2167 326 2232 oltre
341 2166 407 2232 che
423 2164 491 2230 mai
505 2166 550 2229 ha
562 2165 657 2230 detto
669 2185 792 2245 messa,
806 2165 826 2231 ὲ
841 2175 931 2231 stato
948 2178 982 2230 et
997 2176 1050 2231 sta
1066 2164 1100 2230 in
1113 2164 1230 2232 habito
1245 2165 1398 2232 seculare
1414 2164 1467 2232 sin

214 2281 219 2292 '
237 2281 362 2348 adesso
384 2282 451 2348 che
477 2283 522 2346 ha
544 2298 585 2363 23
613 2279 705 2345 anni.
731 2280 777 2348 Se
799 2301 820 2344 a
841 2281 885 2345 V.
913 2279 986 2348 δέ’
1012 2282 1093 2348 R.¹²²⁸
1113 2285 1232 2366 pareri
1252 2303 1272 2346 a
1292 2281 1400 2367 gloria
1423 2281 1467 2349 de

239 2397 306 2463 Dio
321 2398 366 2464 N.
381 2397 433 2476 S.¹
449 2395 653 2482 dignandosi
668 2393 777 2462 darmi
793 2393 877 2481 ogni
893 2396 1020 2462 faculti
1035 2417 1095 2482 per
1107 2394 1294 2464 remediare
1310 2419 1330 2462 a
1346 2405 1466 2481 questa

239 2511 351 2578 anima
371 2512 406 2577 in
434 2513 509 2578 foro
535 2509 757 2593 conscientie,
779 2511 898 2596 potero
924 2531 1045 2597 oprare
1072 2510 1104 2576 in
1130 2534 1232 2580 nome
1255 2507 1299 2580 de
1322 2513 1366 2581 V.
1393 2509 1468 2580 Sti·

239 2629 365 2698 Rev.¹¹¹⁸
380 2649 400 2694 a
415 2627 475 2713 piu
490 2626 600 2715 gloria
614 2626 650 2693 di
665 2626 733 2692 Dio
748 2627 793 2693 N.
812 2627 850 2694 S.
1443 2636 1449 2644 '

304 2744 424 2829 Hoggi
444 2762 484 2831 19
499 2742 534 2809 di
550 2742 687 2829 Luino.

302 2860 347 2927 Di
363 2862 407 2928 V.
425 2858 498 2929 Sti·
513 2862 639 2927 Rev.¹¹⁸
654 2858 842 2925 humillimo
857 2879 960 2927 seruo
976 2860 1032 2928 nel
1048 2858 1195 2946 Signore
1212 2871 1343 2940 nostro,

1119 2976 1283 3045 lonasio.

303 3092 468 3177 Sequitur
478 3092 645 3158 concessio
656 3091 717 3157 troc
728 3090 1037 3176 modosubscripto.
1057 3093 1103 3159 A.
1121 3090 1302 3159 cardinalis
1318 3091 1466 3158 Sancto-

237 3228 313 3273 rum
330 3208 500 3293 Quatuor,
518 3206 626 3275 maior
640 3228 737 3292 pens
756 3228 808 3292 sp.
1379 3182 1382 3191 ³

303 3324 494 3407 Inscriptio.
516 3322 547 3389 A
564 3320 765 3408 monsignor
780 3320 849 3389 mio
864 3334 900 3389 et
915 3322 1060 3407 patrein
1071 3321 1211 3389 Christo
1227 3332 1336 3389 οεε.“10
1353 3320 1377 3387 il
1389 3342 1466 3387 car·

231 3438 325 3504 dinal
342 3438 592 3523 Santiquattro.

220 3676 226 3689 ·
285 3664 293 3695 ¹
331 3664 376 3719 Er
389 3665 452 3719 cod.
474 3663 586 3729 Virett„
599 3679 700 3735 apogr.
714 3675 732 3717 2
744 3661 790 3732 ft,
804 3662 898 3717 altero
910 3678 993 3735 puro,
1008 3680 1037 3717 n.
1052 3658 1116 3733 353,
1129 3662 1209 3733 prius
1224 3658 1286 3717 833.
1308 3662 1375 3717 Non
1393 3661 1465 3719 defi-

231 3754 310 3808 nitur
333 3753 500 3824 scriptionis
521 3768 630 3822 annus,
655 3769 714 3825 quo
735 3752 814 3807 facta
833 3752 907 3806 haec
929 3751 1034 3823 petitio
1056 3759 1117 3819 est;
1144 3751 1197 3806 sed
1222 3768 1257 3805 ea
1283 3752 1347 3807 sine
1372 3750 1464 3806 dubio

229 3848 300 3897 aute
315 3853 382 3911 1545
396 3841 472 3897 iacta
485 3840 550 3897 tuit.
565 3840 683 3897 Etenim
696 3840 726 3896 in
739 3840 954 3913 subscriptione
974 3840 1066 3913 ipsius
1083 3839 1243 3911 gratiarum
1263 3838 1464 3895 concessionis

232 3931 350 4001 legitur:
366 3931 420 3985 «A.
433 3929 590 3987 cardinalis
602 3928 776 3985 Sanctorum
790 3930 935 4001 Quatuor,
947 3928 1038 3985 maior
1048 3946 1132 4001 pens.
1146 3944 1220 4001 sp.u;
1232 3944 1354 4001 quarum
1367 3927 1464 4000 priore

232 4019 396 4077 litterarum
408 4021 436 4074 A
450 4018 572 4075 iudicari
589 4018 705 4076 videtur
723 4038 737 4073 a
745 4018 892 4075 Antonius
900 4038 914 4071 n
933 4016 1047 4075 scilicet
1064 4018 1202 4089 Puccius,
1219 4016 1464 4089 poenitentiarius

233 4108 386 4163 maximus.
400 4110 477 4181 Jam,
491 4109 538 4165 hic
549 4108 641 4164 cessit
654 4126 671 4163 e
684 4107 745 4163 vita
763 4125 839 4164 anno
853 4118 938 4177 1544;
958 4124 1083 4181 quonam
1102 4123 1173 4163 vero
1191 4122 1303 4177 mense,
1323 4106 1464 4163 omittunt

233 4196 401 4269 scriptores,
415 4197 465 4270 qui
478 4197 515 4252 de
528 4196 579 4253 illo
591 4205 693 4268 agunt,
707 4196 876 4266 Circeium,
889 4196 1045 4266 Ughellus,
1060 4194 1183 4265 iuononi,
1198 4194 1318 4267 aliique:
1334 4194 1463 4249 Antonio

233 4293 332 4341 autem
341 4286 450 4343 Puccio
460 4286 604 4341 successit
613 4284 677 4357 ejus
687 4294 808 4357 patruus
817 4286 964 4340 Robertus
975 4284 1112 4353 Paccius,
1122 4282 1277 4339 cardinalis
1290 4283 1380 4339 etiam
1390 4282 1463 4339 Sau-

230 4383 345 4431 ctorum
358 4378 491 4447 Quatuor
504 4376 728 4446 Coronatorum‚
738 4373 789 4447 qui
804 4386 871 4443 1547
884 4373 968 4429 obiit.
983 4375 1172 4445 Uenetum,
1185 4374 1281 4429 ltalia
1292 4390 1392 4437 sacra,
1406 4373 1462 4440 111,

232 4462 296 4523 310,
310 4465 410 4536 Quare
422 4482 489 4520 curn
502 4466 574 4521 haec
586 4473 667 4521 certa
680 4465 750 4535 sint,
764 4480 819 4519 nec
837 4461 945 4518 indicia
964 4462 1081 4518 aliunde
1098 4463 1259 4519 habeamus
1277 4462 1314 4517 ad
1331 4469 1462 4517 statuen-

230 4551 302 4607 dum
315 4570 423 4609 annum
436 4552 589 4609 definitum
602 4562 670 4609 ante
681 4553 795 4609 obitum
814 4550 933 4606 maximi
949 4550 1181 4623 poenitentiarii,
1199 4568 1257 4623 quo
1275 4550 1383 4621 Ignatii
1400 4550 1462 4622 epi-

230 4644 308 4696 stola
316 4642 484 4697 collocanda
497 4642 547 4715 sit,
558 4660 623 4698 eam
636 4644 712 4700 iuter
722 4641 861 4715 epistolas
875 4640 955 4695 iilius
965 4641 1044 4712 anni,
1055 4657 1113 4713 quo
1123 4640 1249 4695 Paccius
1261 4646 1393 4695 mortuus
1402 4646 1461 4707 est,

247 4746 413 4803 eponrmus.
