3625 5400
463 1133 858 1218 MONUMENTA
901 1133 1237 1218 IGNATIANA

617 1487 844 1547 PRAEFATIO
862 1487 1086 1581 GENERApls

308 1707 408 1790 Quae
423 1704 467 1770 ad
482 1703 584 1785 viros,
599 1703 754 1770 maximis
767 1705 869 1771 rebus
881 1703 989 1790 gestis
1005 1713 1064 1770 aut
1079 1702 1299 1770 scientiarum
1314 1702 1462 1770 inventis

239 1818 495 1899 celeberrimos,
507 1816 647 1905 propius
658 1828 826 1906 spectant,
837 1841 889 1899 ea,
904 1839 984 1886 cum
995 1820 1215 1905 proferuntur
1225 1817 1261 1884 in
1273 1819 1396 1898 lucem,
1411 1818 1461 1884 sic

238 1935 352 2003 solent
367 1933 559 2000 mortalium
576 1933 706 2000 animos
722 1934 765 2001 ad
787 1933 1065 2021 cognoscendum
1080 1954 1215 2014 acuere,
1237 1945 1277 2000 ut
1297 1933 1461 2018 quidquid

237 2072 369 2118 novum
390 2051 434 2115 de
460 2049 525 2116 illis
551 2051 704 2132 offertur,
727 2049 815 2118 scire
835 2070 954 2117 omnes
974 2049 1163 2136 generatim
1178 2048 1300 2116 velint:
1326 2049 1459 2116 illorum

238 2165 353 2246 amici,
372 2175 411 2232 ut
426 2165 461 2231 in
477 2186 541 2232 suo
552 2165 682 2251 judicio
697 2165 960 2247 confirmentur;
982 2163 1183 2246 adversarii,
1200 2175 1239 2231 ut
1258 2187 1382 2231 novam
1405 2187 1460 2232 re

237 2281 475 2367 prehendendi
492 2279 707 2348 occasionem
723 2279 981 2362 nanciscantur3
999 2279 1057 2365 qui
1077 2296 1148 2347 nec'
1164 2279 1242 2348 odio
1263 2301 1327 2348 nec
1346 2301 1462 2348 amore

237 2399 408 2477 feruntur,
427 2406 466 2462 ut
481 2394 717 2482 cognitionum
733 2417 872 2462 suarum
889 2396 1090 2464 thesaurum
1105 2395 1325 2482 locupletent.
1345 2397 1461 2480 Atque

238 2510 273 2576 id
287 2522 361 2576 tum
377 2509 592 2597 potissimum
607 2511 721 2576 locum
736 2492 841 2579 habet
857 2531 950 2591 cum,
975 2531 1065 2595 quae
1080 2511 1229 2579 eduntur
1248 2510 1387 2597 scripta,
1405 2533 1462 2577 ra-

237 2625 349 2693 tiones
364 2626 588 2709 demostrant,
606 2625 731 2713 quibus
747 2623 794 2691 illi
810 2623 846 2691 in
862 2626 997 2713 agendo
1013 2625 1238 2706 ducebantur,
1256 2637 1317 2692 aut
1333 2626 1462 2712 privata

238 2752 322 2809 sunt
337 2753 372 2810 et
387 2742 452 2809 sibi
468 2742 528 2809 uni
545 2740 692 2829 propria,
710 2742 764 2809 vel
781 2763 860 2808 cum
875 2742 996 2828 paucis
1010 2758 1105 2811 certe
1119 2740 1414 2809 communicanda.

299 2860 378 2947 Jam
393 2880 475 2925 vero
490 2858 579 2924 inter
599 2856 754 2925 homines
777 2856 938 2940 illustres,
964 2837 1051 2943 q‘uos
1070 2858 1245 2924 saeculum
1265 2859 1347 2925 XVI
1369 2857 1460 2941 tulit,

236 2974 366 3061 quique
381 2972 446 3041 sibi
461 2972 652 3041 immortale
667 2994 792 3039 nomen
808 2982 1028 3061 pepererunt,
1043 2994 1144 3041 nemo
1160 2972 1302 3061 negabit
1318 2972 1457 3041 nobilis·

236 3084 357 3156 simam
373 3089 490 3157 sedem
500 3089 579 3173 jure
595 3087 726 3174 optimo
742 3098 859 3157 tenere
874 3088 1047 3176 Ignatium
1063 3090 1107 3157 de
1122 3088 1263 3174 Loyola,
1279 3087 1462 3158 Societatis

231 3206 316 3293 Jesu
328 3204 551 3273 conditorem.
567 3202 714 3285 Etenim,
729 3214 766 3270 ut
779 3203 891 3272 verbis
908 3214 1057 3285 utamur,
1071 3225 1159 3289 quae
1173 3204 1208 3271 in
1220 3203 1313 3271 bulla
1325 3214 1461 3273 exstant

233 3319 515 3400 canonizationis,
533 3317 688 3407 Ignatius
703 3318 768 3386 fuit
787 3319 858 3385 «vir
873 3341 966 3401 vere,
984 3341 1085 3405 quem
1103 3320 1317 3407 praelegerat
1339 3318 1460 3387 Domi·

235 3458 313 3517 nus,
328 3446 496 3505 uteorum
509 3438 589 3503 Dux
601 3436 701 3517 foret,
715 3434 773 3520 qui
786 3446 961 3522 portarent
977 3436 1053 3521 ejus
1067 3434 1319 3503 sanctissimum
1335 3456 1459 3501 nomen

233 3571 347 3618 coram
364 3550 526 3638 gentibus
542 3562 577 3621 et
589 3550 734 3638 populis,
749 3561 783 3619 et
799 3549 955 3619 infideles
967 3551 1011 3617 ad
1022 3572 1124 3619 verae
1134 3550 1214 3617 fidei
1226 3550 1458 3637 cognitionem

233 3664 447 3747 inducerent,
466 3688 506 3733 ac
524 3668 666 3735 rebelles
682 3665 873 3735 haereticos
889 3665 933 3732 ad
948 3664 1040 3732 illius
1060 3664 1227 3734 unitatem
1242 3676 1455 3748 revocarent,

234 3780 356 3867 suique
382 3779 418 3847 in
439 3782 538 3849 terris
560 3780 688 3849 Viearii
710 3780 949 3875 auctoritatem
975 3781 1232 3849 defenderent».
1251 3780 1325 3863 Vir,
1354 3800 1456 3865 quem

233 3897 328 3964 Deus
344 3897 387 3963 ad
403 3899 468 3963 hoc
484 3896 729 3984 amplissimum
747 3916 872 3961 munus
896 3894 1110 3963 «novissimis
1125 3894 1374 3982 temporibus...
1394 3916 1456 3961 ex—

233 4009 390 4080 citavit...
407 4034 449 4081 ex
464 4012 576 4081 medio
592 4015 759 4078 honorum
778 4032 883 4077 cursu
899 4022 934 4078 et
949 4034 969 4077 a
985 4010 1152 4079 saeculari
1167 4020 1202 4076 et
1214 4020 1350 4079 terrena
1367 4009 1457 4075 mili-

233 4125 313 4209 tia»,
332 4128 616 4212 quemadmodum
642 4126 853 4214 «praeteritis
873 4126 1019 4193 saeculis
1034 4124 1218 4193 destinavit
1239 4126 1354 4211 plures
1376 4146 1456 4191 san-

234 4242 350 4311 ctitate
366 4264 405 4309 ac
421 4242 576 4309 doctrina
592 4242 741 4312 illustres
758 4244 882 4325 viros»;
901 4262 989 4326 quae
1010 4241 1164 4327 profecto
1183 4240 1267 4307 satis
1285 4260 1456 4326 superque

234 4356 406 4424 declarant
421 4356 592 4444 Ignatium
607 4358 651 4424 de
667 4357 795 4443 Loyola
815 4378 980 4444 magnum
995 4378 1037 4423 ac
1056 4356 1321 4442 praecellentem
1343 4354 1455 4421 virum

233 4470 413 4539 exstitisse.
437 4472 540 4557 Quod
555 4472 584 4539 si
605 4472 652 4540 ita
673 4482 737 4554 est,
760 4482 855 4559 patet
875 4472 978 4541 etiam
1000 4480 1222 4539 monumenta
1236 4470 1290 4538 sui
1310 4469 1453 4557 ingenii,

233 4606 318 4671 quae
333 4586 424 4654 illius
440 4587 589 4657 indolem
606 4610 646 4655 ac
662 4586 807 4657 virtutes
823 4586 968 4655 maxime
984 4587 1180 4668 ostendant,
1194 4606 1352 4671 quaeque
1366 4582 1458 4651 illius

233 4701 335 4767 animi
351 4724 470 4772 revera
484 4702 600 4789 imago
615 4714 650 4771 et
666 4701 825 4770 dicantur
840 4712 875 4773 et
890 4702 972 4783 sint,
991 4702 1109 4789 magni
1124 4699 1197 4769 fieri
1213 4702 1350 4769 debere.
