3625 5400
656 554 841 610 Panurarro
859 533 1038 611 annuamus
1387 565 1417 608 11
1437 583 1442 592 ·

229 715 320 774 vata.
345 677 479 774 Hirrum
499 706 652 773 omnium
675 704 832 800 codicum
853 705 1021 787 notitiam,
1039 705 1185 792 pretium
1206 717 1241 773 et
1261 707 1454 772 accutatam

227 820 495 908 descriptionem
510 821 610 903 infra,
628 822 730 907 paulo
745 832 835 907 post,
852 842 917 889 suo
932 822 1010 888 loco
1029 819 1274 890 exhibebimus.

308 1025 497 1095 5.—RAT10
520 1029 636 1092 HUJUS
660 1029 1121 1078 EDITIONIS.-D1L1GENTIA
1144 1029 1320 1076 ADHIBITA
1344 1028 1381 1075 IN

548 1145 862 1194 TRANSCRIBENDIS
891 1145 1130 1194 MONUMENTIS

292 1288 378 1354 Fide
398 1309 531 1355 summa
557 1286 729 1374 descripta
756 1298 837 1354 sunt
859 1288 1077 1373 exemplaria,
1096 1285 1168 1353 sive
1184 1308 1228 1354 ex
1251 1285 1333 1372 ipsis
1348 1295 1450 1352 auto-

225 1402 379 1488 graphiS,
398 1405 536 1488 quando
553 1402 691 1490 reperiri
708 1412 905 1490 potuerunt,
919 1401 992 1470 sive
1007 1424 1050 1469 ex
1062 1399 1268 1487 apographis
1280 1399 1449 1485 antiquis·

225 1518 333 1600 simiS,
352 1521 489 1603 quando
504 1519 561 1585 illa
577 1541 646 1586 non
662 1521 853 1586 exstabant.
873 1519 1008 1586 Etenim
1024 1540 1067 1585 ex
1087 1539 1155 1604 quo
1175 1527 1328 1602 tempore
1349 1537 1448 1602 prae-

226 1633 395 1702 fectorum
419 1645 617 1702 nostrorum
645 1644 732 1700 nutu
753 1633 894 1702 edendis
917 1637 1166 1701 Movovavns
1182 1633 1219 1700 S.
1242 1634 1275 1720 J.
1298 1630 1449 1697 animum

225 1748 463 1834 applicuimuS,
487 1748 570 1816 nihil
590 1749 690 1818 nobis
720 1748 893 1834 antiquius
926 1758 1028 1835 atque
1051 1746 1201 1833 optatius
1229 1745 1317 1828 suit,
1347 1766 1448 1830 quam

226 1864 363 1931 diversa
389 1867 546 1952 Europae
573 1867 750 1947 tabularia,
771 1865 844 1934 sive
859 1864 1008 1952 privata,
1027 1864 1100 1932 sive
1119 1863 1268 1950 publica,
1297 1872 1366 1927 tam
1386 1862 1448 1927 do-

227 1979 369 2048 mestica
396 2003 497 2066 quam
524 1993 677 2063 externa,
691 1980 851 2063 invisere,
876 1982 1034 2061 lustrare,
1054 1977 1272 2064 perscrutari,
1288 1988 1326 2043 ut
1349 1961 1447 2062 opus,

225 2106 394 2180 quantum
406 2095 480 2163 fieri
492 2096 610 2184 possit,
624 2100 813 2184 perlectum
823 2107 858 2164 et
869 2097 1063 2163 absolutum
1074 2095 1245 2162 evaderet.
1258 2095 1301 2159 Et
1312 2091 1448 2178 quidem

226 2211 343 2277 archia
363 2215 503 2293 Rornae,
526 2213 729 2292 Florentiae,
757 2210 906 2292 Parisiis,
929 2213 1072 2290 Eborae,
1098 2209 1287 2295 Olisipone,
1306 2205 1446 2283 Matriti,
1533 2215 1537 2221 '

225 2327 413 2413 Compluti,
432 2311 674 2412 salmanticae,
692 2328 866 2411 Coloniae,
889 2325 1070 2409 Bruxellis,
1088 2324 1303 2404 Mechliniae,
1327 2325 1448 2390 Mona-

225 2441 309 2524 chii,
327 2442 469 2528 aliisque
484 2442 520 2510 in
535 2443 619 2512 locis
635 2444 711 2525 sita,
734 2452 956 2512 monumenta
975 2441 1120 2529 plurima
1140 2441 1383 2527 praebuerunt.
1403 2439 1447 2504 Et

227 2557 388 2641 quoniam
404 2558 611 2645 experientia
626 2559 805 2648 didicimus
821 2579 941 2645 parum
957 2579 1032 2625 esse
1055 2555 1197 2623 aliorum
1212 2554 1320 2622 labori
1336 2575 1376 2620 ac
1392 2553 1447 2618 dl-

225 2671 389 2759 ligentiae
409 2674 596 2756 fidendum,
626 2695 744 2744 eorum
771 2673 929 2754 maxime,
947 2674 1006 2759 qui
1026 2694 1098 2755 reS,
1121 2693 1206 2758 quas
1232 2669 1443 2763 describunt,

226 2787 399 2875 ignorant3
407 2812 486 2856 cum
497 2792 539 2857 de
552 2790 781 2859 monumentis
793 2789 1057 2857 transcribendis
1069 2791 1247 2876 agebatur,
1260 2787 1445 2874 impigrum

226 2902 420 2990 scriptionis
453 2907 605 2973 laborem
633 2928 697 2974 nos
728 2906 792 2993 ipsi
819 2904 1008 2993 generatim
1040 2906 1268 2990 suscepimus:
1302 2900 1445 2989 quodsi

224 3021 362 3103 quando
377 3021 522 3088 aliorum
538 3043 642 3088 manu
658 3020 711 3087 usi
731 3043 862 3102 sumuS,
891 3042 979 3087 onus
1002 3031 1115 3087 tamen
1137 3017 1334 3086 conferendi
1351 3026 1438 3083 tran·

224 3146 399 3221 sumptum
414 3158 493 3203 cum
509 3136 691 3223 exemplari
706 3138 891 3222 archetypo
908 3134 1110 3214 subivimus,
1129 3156 1242 3219 neque
1264 3133 1298 3198 id
1314 3130 1445 3219 negotii

224 3250 495 3332 amanuensium,
522 3263 561 3318 ut
580 3253 688 3339 ajunt,
713 3252 793 3319 fidei
816 3273 856 3318 ac
882 3250 1080 3337 diligentiae
1096 3248 1313 3316 commissum
1335 3247 1446 3314 volui-

223 3386 313 3432 mus.
332 3366 383 3431 Ex
397 3387 467 3451 quo
482 3367 566 3433 illud
581 3368 682 3434 etiam
705 3367 955 3453 percommode,
978 3365 1115 3433 favente
1134 3368 1236 3446 De0,·
1246 3363 1345 3430 nobis
1360 3384 1445 3430 con-

222 3477 314 3567 tigit,
329 3492 366 3546 ut
386 3502 477 3560 cum,
496 3492 715 3549 monumenta
735 3482 770 3549 in
786 3468 993 3550 archivis'ac
1013 3478 1228 3547 bibliothecis
1247 3478 1443 3548 exscriben-

223 3603 289 3674 tes,
299 3595 433 3662 illorum
443 3598 619 3682 pulverem
631 3610 828 3679 tereremus,
842 3619 932 3664 nova
943 3596 1088 3663 subinde
1098 3605 1330 3675 monumenta,
1343 3604 1444 3660 antea

223 3710 323 3777 nobis
338 3709 514 3798 impervia,
531 3714 610 3780 laeti
628 3713 865 3800 reperiremus.

290 3828 376 3895 Arte
392 3825 494 3895 etiam
510 3829 790 3915 photographica,
808 3829 945 3913 quando
961 3828 1123 3894 accedere
1138 3824 1203 3912 ipsi
1219 3846 1288 3891 non
1308 3835 1444 3911 potera—

222 3962 312 4023 mus
329 3964 391 4028 per
406 3942 491 4009 alios
506 3942 559 4008 usi
574 3964 706 4025 sumuS,
724 3943 823 4028 cujus
838 3942 976 4029 quidem
989 3940 1072 4009 artis
1087 3940 1255 4037 beneficio
1271 3940 1444 4025 exempla-

223 4054 273 4122 ria
299 4078 369 4124 non
394 4060 645 4127 contemnenda
670 4057 872 4146 optimorum
897 4060 1157 4142 archetyporum
1185 4054 1441 4140 adquisivimus.

223 4173 322 4256 Quae
337 4172 451 4239 omnia
466 4172 543 4239 ideo
558 4173 757 4255 dictasunt,
776 4184 815 4239 ut
833 4183 969 4240 constet
985 4172 1076 4258 apud
1091 4170 1228 4239 criticos
1244 4170 1327 4236 nihil
1343 4193 1363 4237 a
1378 4192 1442 4237 no·

222 4284 275 4352 bis
290 4286 566 4373 praetermissum
583 4287 703 4371 luisse,
717 4298 754 4354 ut
770 4310 907 4355 summa
923 4309 1003 4354 cum
1024 4286 1092 4352 fide
1105 4293 1334 4353 'monumenta
1345 4285 1440 4353 exhi·

223 4402 398 4469 berentur.

289 4520 349 4598 Ea,
366 4540 602 4605 quaecumque
617 4518 821 4601 invenimus,
835 4519 971 4606 integra
986 4521 1148 4599 eduntur,
1162 4539 1232 4584 non
1248 4516 1367 4583 mutila
1381 4527 1442 4582 aut

222 4634 410 4704 decurtata.
425 4635 566 4721 Insuper
578 4635 674 4703 nefas
685 4634 881 4721 judicamus
896 4634 1082 4720 quidquam
1097 4633 1279 4701 immutare
1290 4644 1350 4699 aut
1365 4653 1442 4698 cor-

223 4746 347 4836 rigere,
366 4751 491 4819 lectore
507 4772 576 4819 non
592 4750 813 4838 praemonito.
832 4752 935 4836 Quod
952 4750 981 4818 si
1001 4750 1137 4835 quando
1153 4748 1364 4816 desideratur
1380 4748 1442 4813 ali-
