3625 5400
671 434 773 489 lunnx
792 445 969 489 nucroauu
1347 442 1402 500 749

200 586 349 657 Hausisti,
363 583 740 658 josephus-RheInische
754 585 854 641 Akten
868 602 920 639 zur
933 583 1113 640 Geschichte
1124 582 1178 638 des
1191 581 1437 655 Jesuitenordena

260 676 412 745 1542·1582
425 673 592 731 bearbeitet
606 690 664 729 von
678 674 933 747 Josethansen.
948 673 1042 740 Bonn,
1059 671 1137 742 1896.

203 764 543 820 Hanno-Vrmnrm..-2
550 762 790 836 Complemenms
803 766 820 817 a
833 763 860 817 la
873 762 944 817 obra
956 760 994 816 de
1012 760 1266 832 Averiguaciones
1282 759 1435 815 Cantabri·

256 870 306 909 cas
325 857 341 908 e
361 852 533 924 lgnacianaa
554 850 602 909 del
621 854 653 907 P.
674 852 794 909 Gabriel
812 851 849 907 de
867 852 972 907 Henao
988 850 1026 907 de
1044 853 1072 906 la
1093 849 1255 923 Compadla
1276 849 1314 905 de
1333 851 1433 921 Jesus..

256 942 360 997 Nueva
373 941 489 997 edicion
502 941 540 996 de
553 943 596 995 las
609 940 706 999 Obras
720 940 903 996 Castellanas
915 940 963 995 del
982 940 1019 997 P.
1040 941 1145 995 Henao
1162 938 1316 1010 corregida
1334 955 1387 1011 por
1405 940 1433 993 el

257 1032 289 1087 P.
304 1032 415 1103 Miguel
429 1032 549 1087 Villalta
561 1031 599 1087 de
613 1033 655 1087 las
669 1032 809 1087 Escuelas
822 1032 900 1085 Plas.
914 1031 1033 1098 Tolosa,
1048 1030 1126 1101 1895.

202 1122 332 1191 Hounn,
347 1120 528 1192 Edmundus,
544 1121 575 1175 S.
590 1122 618 1192 J.
633 1154 641 1161 -
659 1120 775 1176 Ibernia
788 1120 941 1191 Ignatiana
953 1137 1007 1175 seu
1017 1120 1189 1175 Ibemorum
1199 1116 1434 1174 Societatislesu

256 1211 375 1267 Petrum
399 1210 589 1267 Monumenta
611 1210 753 1281 Culicem,
774 1209 937 1265 secundum
954 1226 1096 1265 annorum
1114 1207 1245 1263 ordinem
1264 1207 1432 1275 distributa,

255 1300 341 1356 Notis
356 1300 512 1369 illustrata,
526 1308 556 1353 et
569 1298 721 1353 Sociorum
735 1297 841 1369 elogiis
855 1305 941 1352 aucta
957 1313 975 1351 a
995 1297 1027 1355 P.
1047 1294 1203 1351 Edmundo
1221 1295 1339 1365 Hogan,
1357 1294 1433 1350 eius·

254 1389 322 1444 dem
345 1387 503 1443 Societatis
525 1388 735 1459 presbytero...
759 1386 933 1441 Excudebat
954 1385 1088 1440 Societas
1110 1384 1321 1457 typographica
1339 1383 1434 1439 dubli-

254 1478 376 1547 niensis,
391 1475 646 1533 MDCCCLXXX.
693 1527 697 1534 .

200 1568 366 1637 ILLESCAS,
379 1562 770 1635 Gundisalvus.-Segvnda
783 1571 866 1635 parte
879 1563 917 1617 de
930 1564 958 1619 la
970 1561 1102 1617 Historia
1114 1560 1279 1631 Pontifical‚
1292 1580 1313 1635 y
1326 1561 1433 1620 Catho-

255 1655 321 1710 lica:
336 1657 380 1710 En
394 1656 422 1709 la
434 1655 502 1726 qual
516 1670 548 1709 se
562 1654 720 1726 prosiguen
734 1654 776 1707 las
791 1652 881 1707 Vides
894 1670 915 1725 y
927 1653 1049 1723 hechos,
1062 1651 1099 1707 de
1113 1651 1267 1708 Clemente
1278 1652 1432 1725 Quinto,y

254 1744 291 1802 de
305 1745 347 1799 los
361 1744 463 1799 demas
476 1742 634 1800 Pontifices
647 1760 699 1799 sus
712 1757 910 1809 successores,
922 1743 1006 1797 hasta
1016 1740 1069 1795 Pio
1079 1740 1227 1811 Quinto...
1241 1740 1432 1813 Compvesta,

255 1850 274 1905 y
288 1832 435 1888 ordenada
448 1849 501 1905 por
513 1834 541 1888 el
552 1834 662 1888 Doctor
672 1832 806 1888 Gonzalo
815 1830 852 1885 de
863 1832 1018 1885 Illescas...
1030 1830 1212 1899 Salamanca,
1224 1829 1265 1885 M.
1277 1830 1314 1883 D.
1326 1830 1432 1884 LXIX.

200 1923 373 1978 Institutum
387 1921 546 1978 Societatis
563 1922 642 1977 Iesu.
661 1922 808 1976 Volumen
826 1918 966 1992 primum.
993 1919 1153 1974 Bullatium
1175 1928 1206 1973 et
1226 1918 1432 1991 compendium

254 2011 485 2085 privilegiorum.
501 2010 680 2079 Florentiae,
696 2009 774 2079 1892.

199 2100 472 2171 LAGOMARSIMUS‚
487 2100 696 2173 Hieronymus
722 2100 752 2155 S.
776 2098 916 2171 J.-Julii
937 2097 1060 2171 Pogiani
1078 2097 1222 2155 SimensIs
1239 2097 1383 2169 epistolae
1404 2105 1434 2152 et

252 2190 411 2256 orationes,
426 2208 458 2245 v.
475 2188 638 2264 Pogianus.

201 2278 480 2336 Larissa-Goliam
493 2280 624 2335 uniar.-
643 2278 822 2333 Bibliotecas
835 2277 957 2349 artigua
969 2296 989 2351 y
1002 2294 1100 2333 nueva
1111 2276 1149 2332 de
1163 2276 1320 2332 escritores
1332 2292 1434 2347 arago-

253 2384 341 2423 neses
354 2368 391 2425 de
405 2369 527 2424 Latassa
541 2368 590 2438 [D.
606 2367 701 2438 Felix]
715 2366 906 2422 aumentadas
920 2384 940 2439 y
957 2365 1128 2423 refundidas
1145 2382 1184 2421 en
1200 2364 1294 2421 forma
1310 2364 1347 2419 de
1366 2364 1433 2419 Dic·

252 2458 381 2513 cionario
394 2456 769 2529 bibliogreficobiogrdfico
782 2473 835 2529 por
847 2456 905 2511 don
918 2456 1030 2527 Miguel
1043 2455 1156 2511 Gomez
1169 2455 1252 2511 Uriel
1270 2453 1365 2510 oficial
1383 2454 1432 2509 del
1491 2520 1495 2529 ‚

252 2546 372 2602 archivo
385 2565 405 2619 y
418 2546 577 2602 biblioteca
590 2544 638 2602 del
652 2545 755 2602 ilustre
769 2545 892 2617 Colegio
909 2544 947 2600 de
965 2543 1125 2615 Abogados
1142 2544 1180 2599 de
1198 2544 1357 2615 Zaragoza.
1376 2544 1433 2597 Za·

252 2652 368 2707 ragoza,
385 2635 548 2703 1884-1886.
1100 2638 1106 2649 “

197 2725 243 2781 LE
257 2727 418 2793 Vnssauu,
432 2726 532 2781 Leo.-
542 2724 753 2798 Ephemerides
767 2724 887 2783 Ordinis
905 2723 1115 2792 Certusieusis,
1134 2731 1253 2778 auctore
1271 2723 1308 2779 D.
1330 2722 1430 2777 Leone

251 2817 278 2870 le
293 2816 422 2870 Vasseur
435 2814 621 2880 Cartusiano,
636 2832 714 2870 nunc
728 2813 853 2886 primum
867 2833 884 2868 a
897 2814 1048 2870 monachis
1060 2812 1194 2884 ejusdem
1207 2810 1327 2870 Ordinis
1341 2811 1371 2866 in
1388 2812 1430 2866 lu·

249 2921 314 2960 cem
328 2905 436 2960 editae.
451 2904 615 2961 Monstrolii
626 2902 1080 2960 MDCCCXC-MDCCCXCIII.

195 2994 415 3065 LIPPOIIANUS,
434 2992 729 3064 Aloisius.-·Aloysii
747 2991 919 3064 Lippomaui
942 2993 1054 3047 Meton.
1077 2991 1219 3063 episcopi,
1237 2989 1431 3045 coadiutoris·

249 3101 307 3156 qve
321 3082 493 3138 veronensis
506 3082 619 3137 Calena
632 3082 662 3136 in
676 3081 852 3137 Genesim...
867 3081 1016 3152 Lugduni,
1030 3081 1071 3137 M.
1085 3079 1149 3137 DC.
1164 3079 1258 3134 LVII.

198 3171 262 3227 -in
276 3172 445 3228 Exodum...
460 3171 609 3242 Lugduni,
623 3171 662 3226 M.
678 3169 741 3226 DC.
757 3170 846 3226 LVII.

196 3261 327 3317 Litterae
341 3261 581 3332 QuadrImestres
599 3277 635 3314 er
655 3259 802 3314 uniuersis
820 3266 937 3330 praeter
954 3257 1067 3314 Indiam
1087 3267 1118 3312 et
1135 3257 1288 3313 Brasiliam
1305 3257 1378 3311 locis
1399 3254 1430 3310 in

248 3351 355 3423 quibus
378 3351 467 3422 aliqui
489 3349 526 3404 de
549 3349 697 3405 Societate
718 3350 791 3420 Jesu
810 3349 1005 3403 versabantur
1023 3347 1146 3402 Romam
1165 3347 1283 3402 missae.
1307 3343 1427 3415 Matriti,

165 3461 168 3466 ·
252 3439 414 3509 1894-1897.

195 3529 303 3584 Lorsz
317 3541 359 3582 nu
372 3529 478 3596 Hnno,
493 3525 878 3599 Alphousus.-Nobiliario
889 3525 1083 3598 genealogica
1099 3525 1136 3581 de
1150 3527 1193 3581 los
1211 3525 1322 3596 Reyes,
1341 3541 1361 3595 y
1379 3523 1427 3578 TI-

248 3620 325 3672 tulos
339 3617 376 3672 de
387 3617 536 3689 Espaila...
552 3616 733 3688 Compvesto
747 3633 799 3688 por
814 3617 926 3671 Alouso
939 3615 1038 3687 Lope'z
1050 3614 1088 3670 de
1101 3615 1193 3684 Ilaro,
1211 3613 1318 3670 Criado
1336 3613 1373 3666 de
1391 3629 1425 3667 su

247 3706 416 3777 Magestad,
442 3725 462 3778 y
487 3706 621 3762 Ministro
640 3723 677 3761 en
695 3723 729 3760 su
752 3705 822 3760 Real
845 3706 983 3762 Consexo
1003 3704 1041 3759 de
1063 3705 1107 3760 las
1129 3702 1274 3762 Ordener.
1300 3700 1425 3769 Madrid,

248 3797 287 3850 M.
303 3795 366 3852 DC.
381 3795 476 3851 XXII.

193 3869 337 3955 LOYOLA,
352 3886 383 3941 S.
398 3885 533 3956 IguaIIus
546 3883 737 3940 det-Certae
751 3883 788 3938 de
801 3883 862 3938 San
875 3883 995 3953 IgnacIo
1008 3881 1046 3936 de
1060 3881 1170 3951 Loyola
1183 3879 1339 3936 Fundador
1352 3879 1390 3934 de
1401 3880 1429 3934 la

247 3974 408 4046 Compadla
420 3974 458 4028 de
472 3975 571 4044 Jesus.
586 3973 711 4041 Madrid,
724 3969 1302 4029 MDCCCLXXIVMDCCCLXXXIX.

195 4063 322 4130 Manoz,
337 4061 497 4118 Paschalis.
507 4061 723 4116 -Diccionario
739 4058 1245 4132 geografico-estadisticohistdrico
1262 4057 1300 4112 de
1312 4058 1427 4128 Espaila

246 4168 330 4222 ysus
348 4152 519 4222 posesiones
536 4151 573 4206 de
592 4153 748 4223 Ultramar‚
769 4167 822 4222 por
841 4151 964 4206 Pascual
981 4149 1095 4206 Madoz.
1119 4148 1243 4215 Madrid,
1264 4147 1426 4218 1845·185o.

192 4241 370 4309 MAFFEJUS,
385 4242 515 4310 Joannes
529 4241 645 4309 Petrus,
660 4240 691 4295 S.
707 4241 820 4311 J.-De
838 4239 900 4294 vita
913 4247 944 4294 et
961 4240 1092 4294 moribus
1107 4238 1214 4310 Ignatii
1233 4237 1362 4307 Loiolae,
1376 4235 1429 4308 qvi

245 4329 426 4384 Societatem
440 4328 508 4384 lesv
521 4328 667 4397 fundavit,
683 4329 749 4384 libri
763 4329 816 4383 III.
832 4329 963 4384 Auctore
974 4328 1087 4398 Joanne
1101 4329 1188 4382 Petro
1202 4325 1331 4394 Mafieio,
1347 4341 1425 4396 pres-

247 4419 353 4489 bytero
367 4417 525 4473 Societatis
538 4418 680 4473 eiusdem.
696 4418 820 4488 Romae,
835 4418 1043 4474 MDLXXXV.

191 4507 381 4578 MANAREUS,
395 4505 558 4577 OIIverius,
576 4507 607 4561 S.
622 4508 735 4577 J.-De
753 4509 842 4562 rebus
860 4506 1020 4562 Societatis
1038 4505 1105 4561 Iesu
1122 4503 1351 4561 commentarius
1365 4502 1427 4561 Oli-

247 4595 320 4651 verii
335 4597 477 4652 Manarei.
495 4596 673 4668 Florentiae,
691 4597 769 4652 1886.
