<?xml version="1.0" encoding="UTF-8"?>
<!DOCTYPE html PUBLIC "-//W3C//DTD XHTML 1.0 Transitional//EN"
    "http://www.w3.org/TR/xhtml1/DTD/xhtml1-transitional.dtd">
<html xmlns="http://www.w3.org/1999/xhtml" xml:lang="en" lang="en">
 <head>
  <title>
</title>
<meta http-equiv="Content-Type" content="text/html;charset=utf-8" />
  <meta name='ocr-system' content='tesseract 3.04.00' />
  <meta name='ocr-capabilities' content='ocr_page ocr_carea ocr_par ocr_line ocrx_word'/>
</head>
<body>
  <div class='ocr_page' id='page_1' title='image "./monumentaignati04ignagoog_0049.png"; bbox 0 0 3625 5400; ppageno 0'>
   <div class='ocr_carea' id='block_1_1' title="bbox 748 443 1503 537">
    <p class='ocr_par' dir='ltr' id='par_1_1' title="bbox 748 443 1503 537">
     <span class='ocr_line' id='line_1_1' title="bbox 748 443 1503 537; baseline -0.004 -10"><span class='ocrx_word' id='word_1_1' title='bbox 748 471 883 530; x_wconf 79' lang='lat' dir='ltr'><strong>Norrrnr</strong></span> <span class='ocrx_word' id='word_1_2' title='bbox 902 483 1071 530; x_wconf 83' lang='lat' dir='ltr'><strong>conrcurr.</strong></span> <span class='ocrx_word' id='word_1_3' title='bbox 1158 495 1183 521; x_wconf 84' lang='grc'><strong>.·</strong></span> <span class='ocrx_word' id='word_1_4' title='bbox 1434 481 1466 537; x_wconf 81' lang='lat'><strong>4¹</strong></span> <span class='ocrx_word' id='word_1_5' title='bbox 1500 443 1503 448; x_wconf 50' lang='grc'><strong>’</strong></span> 
     </span>
    </p>
   </div>
   <div class='ocr_carea' id='block_1_2' title="bbox 275 625 1501 800">
    <p class='ocr_par' dir='ltr' id='par_1_2' title="bbox 275 625 1501 800">
     <span class='ocr_line' id='line_1_2' title="bbox 275 625 1501 700; baseline 0 -20"><span class='ocrx_word' id='word_1_6' title='bbox 275 629 371 696; x_wconf 85' lang='lat' dir='ltr'><strong>gnata</strong></span> <span class='ocrx_word' id='word_1_7' title='bbox 384 631 523 682; x_wconf 84' lang='lat' dir='ltr'>recenter</span> <span class='ocrx_word' id='word_1_8' title='bbox 537 626 685 699; x_wconf 87' lang='lat' dir='ltr'><strong>apposita,</strong></span> <span class='ocrx_word' id='word_1_9' title='bbox 700 643 830 700; x_wconf 88' lang='lat' dir='ltr'><strong>quorum</strong></span> <span class='ocrx_word' id='word_1_10' title='bbox 845 626 1016 686; x_wconf 85' lang='lat' dir='ltr'><strong>secuudum</strong></span> <span class='ocrx_word' id='word_1_11' title='bbox 1030 628 1109 684; x_wconf 90' lang='lat' dir='ltr'><strong>hanc</strong></span> <span class='ocrx_word' id='word_1_12' title='bbox 1123 625 1253 700; x_wconf 84' lang='lat' dir='ltr'><strong>praefert</strong></span> <span class='ocrx_word' id='word_1_13' title='bbox 1267 625 1501 699; x_wconf 80' lang='lat' dir='ltr'><strong>inscriptionem:</strong></span> 
     </span>
     <span class='ocr_line' id='line_1_3' title="bbox 279 717 894 800; baseline 0.003 -27"><span class='ocrx_word' id='word_1_14' title='bbox 279 717 455 779; x_wconf 73' lang='lat' dir='ltr'><strong>«Indiamm</strong></span> <span class='ocrx_word' id='word_1_15' title='bbox 472 722 476 798; x_wconf 78' lang='lat' dir='ltr'><strong>l</strong></span> <span class='ocrx_word' id='word_1_16' title='bbox 495 722 651 797; x_wconf 85' lang='lat' dir='ltr'><strong>Epistolae</strong></span> <span class='ocrx_word' id='word_1_17' title='bbox 666 723 674 800; x_wconf 79' lang='lat' dir='ltr'><strong>l</strong></span> <span class='ocrx_word' id='word_1_18' title='bbox 696 725 894 797; x_wconf 78' lang='lat'>1545-1560.»</span> 
     </span>
    </p>
   </div>
   <div class='ocr_carea' id='block_1_3' title="bbox 272 886 1500 1055">
    <p class='ocr_par' dir='ltr' id='par_1_3' title="bbox 272 886 1500 1055">
     <span class='ocr_line' id='line_1_4' title="bbox 331 886 1500 968; baseline 0 -23"><span class='ocrx_word' id='word_1_19' title='bbox 331 886 440 960; x_wconf 83' lang='lat' dir='ltr'><strong>Opera,</strong></span> <span class='ocrx_word' id='word_1_20' title='bbox 454 889 485 948; x_wconf 94' lang='lat' dir='ltr'><strong>in</strong></span> <span class='ocrx_word' id='word_1_21' title='bbox 498 890 605 964; x_wconf 82' lang='lat' dir='ltr'><strong>quibus</strong></span> <span class='ocrx_word' id='word_1_22' title='bbox 617 893 665 948; x_wconf 91' lang='lat' dir='ltr'><strong>hic</strong></span> <span class='ocrx_word' id='word_1_23' title='bbox 677 892 771 948; x_wconf 82' lang='lat' dir='ltr'>codex</span> <span class='ocrx_word' id='word_1_24' title='bbox 788 891 938 950; x_wconf 83' lang='lat' dir='ltr'><strong>adhibitus</strong></span> <span class='ocrx_word' id='word_1_25' title='bbox 955 901 1012 968; x_wconf 69' lang='lat' dir='ltr'><strong>est:</strong></span> <span class='ocrx_word' id='word_1_26' title='bbox 1026 893 1158 950; x_wconf 70' lang='lat' dir='ltr'><strong>Monuit.</strong></span> <span class='ocrx_word' id='word_1_27' title='bbox 1176 904 1302 948; x_wconf 77' lang='lat' dir='ltr'><strong>msrou.</strong></span> <span class='ocrx_word' id='word_1_28' title='bbox 1316 889 1349 949; x_wconf 89' lang='lat' dir='ltr'><strong>S.</strong></span> <span class='ocrx_word' id='word_1_29' title='bbox 1367 892 1407 964; x_wconf 89' lang='lat' dir='ltr'><strong>J.‚</strong></span> <span class='ocrx_word' id='word_1_30' title='bbox 1429 891 1500 963; x_wconf 77' lang='lat' dir='ltr'><strong>Epi·</strong></span> 
     </span>
     <span class='ocr_line' id='line_1_5' title="bbox 272 975 1213 1055; baseline 0.006 -25"><span class='ocrx_word' id='word_1_31' title='bbox 272 975 370 1032; x_wconf 57' lang='lat' dir='ltr'><strong>nolae</strong></span> <span class='ocrx_word' id='word_1_32' title='bbox 383 977 510 1046; x_wconf 56' lang='lat' dir='ltr'><strong>Miserae·</strong></span> <span class='ocrx_word' id='word_1_33' title='bbox 522 979 728 1054; x_wconf 61' lang='lat' dir='ltr'><strong>[DELPLACBL</strong></span> <span class='ocrx_word' id='word_1_34' title='bbox 743 981 873 1038; x_wconf 70' lang='lat' dir='ltr'><strong>Selectos</strong></span> <span class='ocrx_word' id='word_1_35' title='bbox 885 981 1048 1046; x_wconf 69' lang='lat' dir='ltr'><strong>Indicarum</strong></span> <span class='ocrx_word' id='word_1_36' title='bbox 1061 981 1213 1055; x_wconf 72' lang='lat' dir='ltr'><strong>epistolae.</strong></span> 
     </span>
    </p>
   </div>
   <div class='ocr_carea' id='block_1_4' title="bbox 789 1109 1020 1208">
    <p class='ocr_par' dir='ltr' id='par_1_4' title="bbox 789 1109 1020 1208">
     <span class='ocr_line' id='line_1_6' title="bbox 789 1109 1020 1208; baseline 0 -1"><span class='ocrx_word' id='word_1_37' title='bbox 789 1142 904 1208; x_wconf 68' lang='lat' dir='ltr'><strong>corax</strong></span> <span class='ocrx_word' id='word_1_38' title='bbox 927 1143 985 1207; x_wconf 80' lang='lat' dir='ltr'><strong>aa.</strong></span> <span class='ocrx_word' id='word_1_39' title='bbox 1015 1109 1020 1116; x_wconf 80' lang='grc'><strong>’</strong></span> 
     </span>
    </p>
   </div>
   <div class='ocr_carea' id='block_1_5' title="bbox 271 1307 1499 1976">
    <p class='ocr_par' dir='ltr' id='par_1_5' title="bbox 272 1307 1499 1487">
     <span class='ocr_line' id='line_1_7' title="bbox 342 1307 1499 1392; baseline 0.005 -27"><span class='ocrx_word' id='word_1_40' title='bbox 342 1307 435 1366; x_wconf 77' lang='lat' dir='ltr'><strong>Gran.</strong></span> <span class='ocrx_word' id='word_1_41' title='bbox 447 1310 541 1386; x_wconf 81' lang='lat' dir='ltr'><strong>epist..</strong></span> <span class='ocrx_word' id='word_1_42' title='bbox 553 1310 769 1372; x_wconf 78' lang='lat' dir='ltr'><strong>L-Collectio</strong></span> <span class='ocrx_word' id='word_1_43' title='bbox 785 1316 892 1392; x_wconf 86' lang='lat' dir='ltr'><strong>ingens</strong></span> <span class='ocrx_word' id='word_1_44' title='bbox 908 1324 1174 1374; x_wconf 82' lang='lat' dir='ltr'><strong>monumentorum</strong></span> <span class='ocrx_word' id='word_1_45' title='bbox 1189 1314 1367 1384; x_wconf 87' lang='lat' dir='ltr'><strong>solutorum,</strong></span> <span class='ocrx_word' id='word_1_46' title='bbox 1381 1312 1499 1375; x_wconf 68' lang='lat' dir='ltr'><strong>dimen</strong></span> 
     </span>
     <span class='ocr_line' id='line_1_8' title="bbox 272 1399 1459 1487; baseline 0.007 -25"><span class='ocrx_word' id='word_1_47' title='bbox 272 1404 371 1463; x_wconf 80' lang='lat' dir='ltr'><strong>slonis</strong></span> <span class='ocrx_word' id='word_1_48' title='bbox 384 1407 447 1464; x_wconf 85' lang='lat' dir='ltr'><strong>fere</strong></span> <span class='ocrx_word' id='word_1_49' title='bbox 460 1417 578 1482; x_wconf 78' lang='lat'><strong>0¹¹¹,320</strong></span> <span class='ocrx_word' id='word_1_50' title='bbox 588 1425 620 1470; x_wconf 90' lang='lat'><strong>&gt;&lt;</strong></span> <span class='ocrx_word' id='word_1_51' title='bbox 630 1419 757 1483; x_wconf 80' lang='lat'><strong>0¹²¹,220,</strong></span> <span class='ocrx_word' id='word_1_52' title='bbox 771 1399 918 1487; x_wconf 87' lang='lat' dir='ltr'><strong>operculo</strong></span> <span class='ocrx_word' id='word_1_53' title='bbox 931 1413 1088 1472; x_wconf 83' lang='lat' dir='ltr'><strong>crassioris</strong></span> <span class='ocrx_word' id='word_1_54' title='bbox 1100 1414 1223 1471; x_wconf 88' lang='lat' dir='ltr'><strong>chartae</strong></span> <span class='ocrx_word' id='word_1_55' title='bbox 1241 1413 1365 1470; x_wconf 90' lang='lat' dir='ltr'><strong>munita.</strong></span> <span class='ocrx_word' id='word_1_56' title='bbox 1456 1449 1459 1454; x_wconf 90' lang='lat'>-</span> 
     </span>
    </p>

    <p class='ocr_par' dir='ltr' id='par_1_6' title="bbox 336 1504 1272 1587">
     <span class='ocr_line' id='line_1_9' title="bbox 336 1504 1272 1587; baseline 0.009 -25"><span class='ocrx_word' id='word_1_57' title='bbox 336 1504 495 1580; x_wconf 85' lang='lat' dir='ltr'><strong>Inscriptio</strong></span> <span class='ocrx_word' id='word_1_58' title='bbox 508 1524 615 1566; x_wconf 90' lang='lat' dir='ltr'><strong>recens</strong></span> <span class='ocrx_word' id='word_1_59' title='bbox 628 1527 647 1568; x_wconf 89' lang='lat' dir='ltr'><strong>a</strong></span> <span class='ocrx_word' id='word_1_60' title='bbox 660 1518 756 1587; x_wconf 90' lang='lat' dir='ltr'><strong>tergo:</strong></span> <span class='ocrx_word' id='word_1_61' title='bbox 773 1511 918 1570; x_wconf 83' lang='lat' dir='ltr'><strong>«Goanae</strong></span> <span class='ocrx_word' id='word_1_62' title='bbox 931 1511 1027 1586; x_wconf 85' lang='lat' dir='ltr'><strong>Epist.</strong></span> <span class='ocrx_word' id='word_1_63' title='bbox 1046 1510 1051 1587; x_wconf 88' lang='grc'>1</span> <span class='ocrx_word' id='word_1_64' title='bbox 1074 1522 1272 1587; x_wconf 63' lang='grc' dir='ltr'><strong>15491ς70.»</strong></span> 
     </span>
    </p>

    <p class='ocr_par' dir='ltr' id='par_1_7' title="bbox 336 1601 1258 1685">
     <span class='ocr_line' id='line_1_10' title="bbox 336 1601 1258 1685; baseline 0.01 -26"><span class='ocrx_word' id='word_1_65' title='bbox 336 1601 535 1663; x_wconf 89' lang='lat' dir='ltr'><strong>Documentis</strong></span> <span class='ocrx_word' id='word_1_66' title='bbox 550 1607 608 1664; x_wconf 84' lang='lat'><strong>226</strong></span> <span class='ocrx_word' id='word_1_67' title='bbox 621 1608 690 1665; x_wconf 90' lang='lat' dir='ltr'><strong>stilo</strong></span> <span class='ocrx_word' id='word_1_68' title='bbox 703 1609 826 1682; x_wconf 89' lang='lat' dir='ltr'><strong>lapideo</strong></span> <span class='ocrx_word' id='word_1_69' title='bbox 839 1617 978 1672; x_wconf 86' lang='lat' dir='ltr'><strong>recenter</strong></span> <span class='ocrx_word' id='word_1_70' title='bbox 991 1611 1116 1685; x_wconf 89' lang='lat' dir='ltr'><strong>signatis</strong></span> <span class='ocrx_word' id='word_1_71' title='bbox 1130 1617 1258 1668; x_wconf 92' lang='lat' dir='ltr'><strong>constat.</strong></span> 
     </span>
    </p>

    <p class='ocr_par' dir='ltr' id='par_1_8' title="bbox 271 1697 1498 1976">
     <span class='ocr_line' id='line_1_11' title="bbox 336 1697 1498 1784; baseline 0.005 -26"><span class='ocrx_word' id='word_1_72' title='bbox 336 1697 481 1760; x_wconf 87' lang='lat' dir='ltr'><strong>Continet</strong></span> <span class='ocrx_word' id='word_1_73' title='bbox 498 1703 641 1776; x_wconf 83' lang='lat' dir='ltr'><strong>epistolas</strong></span> <span class='ocrx_word' id='word_1_74' title='bbox 659 1708 874 1783; x_wconf 80' lang='lat' dir='ltr'><strong>autographas,</strong></span> <span class='ocrx_word' id='word_1_75' title='bbox 893 1709 1074 1782; x_wconf 84' lang='lat' dir='ltr'><strong>archetypas</strong></span> <span class='ocrx_word' id='word_1_76' title='bbox 1091 1716 1123 1764; x_wconf 90' lang='lat' dir='ltr'><strong>et</strong></span> <span class='ocrx_word' id='word_1_77' title='bbox 1136 1708 1338 1784; x_wconf 85' lang='lat' dir='ltr'><strong>apographas,</strong></span> <span class='ocrx_word' id='word_1_78' title='bbox 1356 1724 1398 1765; x_wconf 86' lang='lat' dir='ltr'><strong>ex</strong></span> <span class='ocrx_word' id='word_1_79' title='bbox 1412 1707 1498 1764; x_wconf 92' lang='lat' dir='ltr'><strong>India</strong></span> 
     </span>
     <span class='ocr_line' id='line_1_12' title="bbox 272 1797 1497 1884; baseline 0.007 -30"><span class='ocrx_word' id='word_1_80' title='bbox 272 1797 466 1870; x_wconf 83' lang='lat' dir='ltr'><strong>potissimum</strong></span> <span class='ocrx_word' id='word_1_81' title='bbox 490 1801 627 1861; x_wconf 87' lang='lat' dir='ltr'><strong>orientali</strong></span> <span class='ocrx_word' id='word_1_82' title='bbox 651 1805 690 1862; x_wconf 91' lang='lat' dir='ltr'><strong>ad</strong></span> <span class='ocrx_word' id='word_1_83' title='bbox 716 1805 870 1880; x_wconf 88' lang='lat' dir='ltr'><strong>Europam</strong></span> <span class='ocrx_word' id='word_1_84' title='bbox 895 1806 995 1884; x_wconf 88' lang='lat' dir='ltr'><strong>datas.</strong></span> <span class='ocrx_word' id='word_1_85' title='bbox 1021 1804 1125 1864; x_wconf 84' lang='lat' dir='ltr'><strong>Plures</strong></span> <span class='ocrx_word' id='word_1_86' title='bbox 1149 1822 1191 1862; x_wconf 83' lang='lat' dir='ltr'><strong>ex</strong></span> <span class='ocrx_word' id='word_1_87' title='bbox 1218 1806 1302 1864; x_wconf 90' lang='lat' dir='ltr'><strong>hisce</strong></span> <span class='ocrx_word' id='word_1_88' title='bbox 1329 1805 1433 1864; x_wconf 88' lang='lat' dir='ltr'><strong>litteris</strong></span> <span class='ocrx_word' id='word_1_89' title='bbox 1458 1806 1497 1863; x_wconf 88' lang='lat' dir='ltr'><strong>ad</strong></span> 
     </span>
     <span class='ocr_line' id='line_1_13' title="bbox 271 1884 705 1976; baseline 0.023 -25"><span class='ocrx_word' id='word_1_90' title='bbox 271 1892 305 1952; x_wconf 89' lang='lat' dir='ltr'><strong>S.</strong></span> <span class='ocrx_word' id='word_1_91' title='bbox 319 1894 468 1973; x_wconf 86' lang='lat' dir='ltr'><strong>Ignatium</strong></span> <span class='ocrx_word' id='word_1_92' title='bbox 482 1884 612 1976; x_wconf 64' lang='lat' dir='ltr'><strong>semptae</strong></span> <span class='ocrx_word' id='word_1_93' title='bbox 626 1910 705 1961; x_wconf 90' lang='lat' dir='ltr'><strong>sunt.</strong></span> 
     </span>
    </p>
   </div>
   <div class='ocr_carea' id='block_1_6' title="bbox 782 2051 967 2118">
    <p class='ocr_par' dir='ltr' id='par_1_9' title="bbox 782 2051 967 2118">
     <span class='ocr_line' id='line_1_14' title="bbox 782 2051 967 2118; baseline -0.005 -2"><span class='ocrx_word' id='word_1_94' title='bbox 782 2053 895 2118; x_wconf 76' lang='lat' dir='ltr'><strong>Codex</strong></span> <span class='ocrx_word' id='word_1_95' title='bbox 909 2051 967 2118; x_wconf 81' lang='lat'><strong>24.</strong></span> 
     </span>
    </p>
   </div>
   <div class='ocr_carea' id='block_1_7' title="bbox 268 2189 1530 2864">
    <p class='ocr_par' dir='ltr' id='par_1_10' title="bbox 340 2189 897 2272">
     <span class='ocr_line' id='line_1_15' title="bbox 340 2189 897 2272; baseline 0.002 -16"><span class='ocrx_word' id='word_1_96' title='bbox 340 2197 433 2258; x_wconf 79' lang='lat' dir='ltr'><strong>Gonu.</strong></span> <span class='ocrx_word' id='word_1_97' title='bbox 450 2197 577 2268; x_wconf 74' lang='lat' dir='ltr'><strong>Histor„</strong></span> <span class='ocrx_word' id='word_1_98' title='bbox 593 2197 730 2272; x_wconf 72' lang='lat' dir='ltr'><strong>I,-Vol.</strong></span> <span class='ocrx_word' id='word_1_99' title='bbox 745 2200 869 2258; x_wconf 82' lang='lat' dir='ltr'><strong>infolio.</strong></span> <span class='ocrx_word' id='word_1_100' title='bbox 894 2189 897 2197; x_wconf 76' lang='grc'><strong>’</strong></span> 
     </span>
    </p>

    <p class='ocr_par' dir='ltr' id='par_1_11' title="bbox 336 2295 1131 2374">
     <span class='ocr_line' id='line_1_16' title="bbox 336 2295 1131 2374; baseline 0.001 -20"><span class='ocrx_word' id='word_1_101' title='bbox 336 2298 494 2372; x_wconf 88' lang='lat' dir='ltr'><strong>Inscriptio</strong></span> <span class='ocrx_word' id='word_1_102' title='bbox 505 2315 523 2355; x_wconf 90' lang='lat' dir='ltr'><strong>a</strong></span> <span class='ocrx_word' id='word_1_103' title='bbox 536 2306 632 2373; x_wconf 85' lang='lat' dir='ltr'><strong>tergo:</strong></span> <span class='ocrx_word' id='word_1_104' title='bbox 646 2295 771 2355; x_wconf 81' lang='lat' dir='ltr'><strong>«Goana</strong></span> <span class='ocrx_word' id='word_1_105' title='bbox 790 2297 794 2374; x_wconf 81' lang='grc'>1</span> <span class='ocrx_word' id='word_1_106' title='bbox 812 2297 952 2374; x_wconf 71' lang='lat' dir='ltr'><strong>Histonl</strong></span> <span class='ocrx_word' id='word_1_107' title='bbox 974 2308 1006 2369; x_wconf 85' lang='lat'><strong>15</strong></span> <span class='ocrx_word' id='word_1_108' title='bbox 1011 2311 1131 2372; x_wconf 80' lang='lat'><strong>39-99.»</strong></span> 
     </span>
    </p>

    <p class='ocr_par' dir='ltr' id='par_1_12' title="bbox 335 2395 749 2472">
     <span class='ocr_line' id='line_1_17' title="bbox 335 2395 749 2472; baseline 0 -18"><span class='ocrx_word' id='word_1_109' title='bbox 335 2395 534 2454; x_wconf 90' lang='lat' dir='ltr'><strong>Documentis</strong></span> <span class='ocrx_word' id='word_1_110' title='bbox 545 2409 581 2472; x_wconf 87' lang='lat'><strong>73</strong></span> <span class='ocrx_word' id='word_1_111' title='bbox 597 2396 749 2454; x_wconf 87' lang='lat' dir='ltr'><strong>coalescit.</strong></span> 
     </span>
    </p>

    <p class='ocr_par' dir='ltr' id='par_1_13' title="bbox 268 2487 1530 2864">
     <span class='ocr_line' id='line_1_18' title="bbox 335 2487 1530 2570; baseline -0.003 -18"><span class='ocrx_word' id='word_1_112' title='bbox 335 2493 478 2552; x_wconf 88' lang='lat' dir='ltr'><strong>Continet</strong></span> <span class='ocrx_word' id='word_1_113' title='bbox 492 2493 635 2568; x_wconf 86' lang='lat' dir='ltr'><strong>epistolas</strong></span> <span class='ocrx_word' id='word_1_114' title='bbox 649 2487 829 2568; x_wconf 82' lang='lat' dir='ltr'><strong>archetypas</strong></span> <span class='ocrx_word' id='word_1_115' title='bbox 842 2493 891 2552; x_wconf 89' lang='lat' dir='ltr'><strong>vel</strong></span> <span class='ocrx_word' id='word_1_116' title='bbox 906 2496 1108 2570; x_wconf 77' lang='lat' dir='ltr'><strong>apographus,</strong></span> <span class='ocrx_word' id='word_1_117' title='bbox 1127 2502 1158 2551; x_wconf 87' lang='lat' dir='ltr'><strong>et</strong></span> <span class='ocrx_word' id='word_1_118' title='bbox 1176 2493 1276 2567; x_wconf 88' lang='lat' dir='ltr'><strong>aliqua</strong></span> <span class='ocrx_word' id='word_1_119' title='bbox 1300 2493 1495 2561; x_wconf 88' lang='lat' dir='ltr'><strong>documenta,</strong></span> <span class='ocrx_word' id='word_1_120' title='bbox 1527 2554 1530 2559; x_wconf 60' lang='grc'><em>,</em></span> 
     </span>
     <span class='ocr_line' id='line_1_19' title="bbox 269 2588 1496 2666; baseline -0.002 -17"><span class='ocrx_word' id='word_1_121' title='bbox 269 2591 314 2649; x_wconf 93' lang='lat' dir='ltr'><strong>ad</strong></span> <span class='ocrx_word' id='word_1_122' title='bbox 328 2609 377 2650; x_wconf 90' lang='lat' dir='ltr'><strong>res</strong></span> <span class='ocrx_word' id='word_1_123' title='bbox 391 2591 497 2650; x_wconf 86' lang='lat' dir='ltr'><strong>Indiae</strong></span> <span class='ocrx_word' id='word_1_124' title='bbox 511 2592 662 2650; x_wconf 88' lang='lat' dir='ltr'><strong>orientalis</strong></span> <span class='ocrx_word' id='word_1_125' title='bbox 676 2593 866 2666; x_wconf 84' lang='lat' dir='ltr'><strong>potissimum</strong></span> <span class='ocrx_word' id='word_1_126' title='bbox 881 2594 1057 2666; x_wconf 88' lang='lat' dir='ltr'><strong>spectantia.</strong></span> <span class='ocrx_word' id='word_1_127' title='bbox 1072 2593 1153 2650; x_wconf 89' lang='lat' dir='ltr'><strong>Inter</strong></span> <span class='ocrx_word' id='word_1_128' title='bbox 1171 2593 1238 2662; x_wconf 89' lang='lat' dir='ltr'><strong>alia,</strong></span> <span class='ocrx_word' id='word_1_129' title='bbox 1258 2599 1330 2649; x_wconf 84' lang='lat' dir='ltr'><strong>sunt</strong></span> <span class='ocrx_word' id='word_1_130' title='bbox 1349 2588 1496 2664; x_wconf 87' lang='lat' dir='ltr'><strong>epistolae</strong></span> 
     </span>
     <span class='ocr_line' id='line_1_20' title="bbox 268 2688 1497 2767; baseline -0.002 -19"><span class='ocrx_word' id='word_1_131' title='bbox 268 2689 314 2748; x_wconf 89' lang='lat' dir='ltr'><strong>ad</strong></span> <span class='ocrx_word' id='word_1_132' title='bbox 324 2689 355 2749; x_wconf 89' lang='lat' dir='ltr'><strong>S.</strong></span> <span class='ocrx_word' id='word_1_133' title='bbox 366 2689 517 2767; x_wconf 86' lang='lat' dir='ltr'><strong>Ignatium</strong></span> <span class='ocrx_word' id='word_1_134' title='bbox 528 2709 545 2749; x_wconf 90' lang='lat' dir='ltr'><strong>a</strong></span> <span class='ocrx_word' id='word_1_135' title='bbox 556 2691 612 2751; x_wconf 89' lang='grc' dir='ltr'><strong>ΡΡ.</strong></span> <span class='ocrx_word' id='word_1_136' title='bbox 624 2691 798 2751; x_wconf 88' lang='lat' dir='ltr'><strong>Balthasare</strong></span> <span class='ocrx_word' id='word_1_137' title='bbox 808 2689 892 2762; x_wconf 85' lang='lat' dir='ltr'><strong>Diaz,</strong></span> <span class='ocrx_word' id='word_1_138' title='bbox 903 2691 1038 2751; x_wconf 90' lang='lat' dir='ltr'><strong>Henrico</strong></span> <span class='ocrx_word' id='word_1_139' title='bbox 1049 2691 1222 2765; x_wconf 89' lang='lat' dir='ltr'><strong>Henriques</strong></span> <span class='ocrx_word' id='word_1_140' title='bbox 1233 2700 1264 2748; x_wconf 89' lang='lat' dir='ltr'><strong>et</strong></span> <span class='ocrx_word' id='word_1_141' title='bbox 1274 2688 1401 2748; x_wconf 86' lang='lat' dir='ltr'><strong>Nicolao</strong></span> <span class='ocrx_word' id='word_1_142' title='bbox 1413 2688 1497 2747; x_wconf 76' lang='lat' dir='ltr'><strong>Lan=</strong></span> 
     </span>
     <span class='ocr_line' id='line_1_21' title="bbox 270 2786 1496 2864; baseline -0.002 -18"><span class='ocrx_word' id='word_1_143' title='bbox 270 2788 379 2847; x_wconf 90' lang='lat' dir='ltr'><strong>cilotto</strong></span> <span class='ocrx_word' id='word_1_144' title='bbox 398 2790 496 2847; x_wconf 87' lang='lat' dir='ltr'><strong>datae.</strong></span> <span class='ocrx_word' id='word_1_145' title='bbox 512 2789 588 2848; x_wconf 91' lang='lat' dir='ltr'><strong>Sunt</strong></span> <span class='ocrx_word' id='word_1_146' title='bbox 606 2791 697 2849; x_wconf 89' lang='lat' dir='ltr'><strong>etiam</strong></span> <span class='ocrx_word' id='word_1_147' title='bbox 712 2788 859 2863; x_wconf 85' lang='lat' dir='ltr'><strong>epistolae</strong></span> <span class='ocrx_word' id='word_1_148' title='bbox 879 2806 1008 2860; x_wconf 85' lang='lat' dir='ltr'><strong>annuae,</strong></span> <span class='ocrx_word' id='word_1_149' title='bbox 1027 2790 1157 2848; x_wconf 91' lang='lat' dir='ltr'><strong>narratio</strong></span> <span class='ocrx_word' id='word_1_150' title='bbox 1177 2788 1208 2847; x_wconf 85' lang='lat' dir='ltr'><strong>P.</strong></span> <span class='ocrx_word' id='word_1_151' title='bbox 1228 2786 1371 2864; x_wconf 83' lang='lat' dir='ltr'><strong>Cypriani</strong></span> <span class='ocrx_word' id='word_1_152' title='bbox 1389 2787 1429 2845; x_wconf 87' lang='lat' dir='ltr'><strong>de</strong></span> <span class='ocrx_word' id='word_1_153' title='bbox 1448 2803 1496 2844; x_wconf 88' lang='lat' dir='ltr'><strong>se·</strong></span> 
     </span>
    </p>
   </div>
   <div class='ocr_carea' id='block_1_8' title="bbox 269 2876 1604 2962">
    <p class='ocr_par' dir='ltr' id='par_1_14' title="bbox 269 2876 1604 2962">
     <span class='ocr_line' id='line_1_22' title="bbox 269 2876 1604 2962; baseline -0.002 -18"><span class='ocrx_word' id='word_1_154' title='bbox 269 2886 401 2959; x_wconf 88' lang='lat' dir='ltr'><strong>pulchro</strong></span> <span class='ocrx_word' id='word_1_155' title='bbox 415 2886 445 2947; x_wconf 80' lang='lat' dir='ltr'><strong>S.</strong></span> <span class='ocrx_word' id='word_1_156' title='bbox 461 2886 601 2945; x_wconf 88' lang='lat' dir='ltr'><strong>Thomae</strong></span> <span class='ocrx_word' id='word_1_157' title='bbox 614 2888 744 2962; x_wconf 84' lang='lat' dir='ltr'><strong>apostoli</strong></span> <span class='ocrx_word' id='word_1_158' title='bbox 759 2888 894 2957; x_wconf 77' lang='lat' dir='ltr'><strong>Invento,</strong></span> <span class='ocrx_word' id='word_1_159' title='bbox 909 2888 1048 2945; x_wconf 83' lang='lat' dir='ltr'><strong>doctrina</strong></span> <span class='ocrx_word' id='word_1_160' title='bbox 1061 2887 1215 2960; x_wconf 85' lang='lat' dir='ltr'><strong>quaedam</strong></span> <span class='ocrx_word' id='word_1_161' title='bbox 1229 2903 1283 2943; x_wconf 89' lang='lat' dir='ltr'><strong>seu</strong></span> <span class='ocrx_word' id='word_1_162' title='bbox 1297 2885 1496 2943; x_wconf 87' lang='lat' dir='ltr'><strong>catechesisa</strong></span> <span class='ocrx_word' id='word_1_163' title='bbox 1600 2876 1604 2882; x_wconf 71' lang='grc'><strong>’</strong></span> 
     </span>
    </p>
   </div>
   <div class='ocr_carea' id='block_1_9' title="bbox 270 2984 838 3060">
    <p class='ocr_par' dir='ltr' id='par_1_15' title="bbox 270 2984 838 3060">
     <span class='ocr_line' id='line_1_23' title="bbox 270 2984 838 3060; baseline 0.002 -17"><span class='ocrx_word' id='word_1_164' title='bbox 270 2984 305 3043; x_wconf 92' lang='lat' dir='ltr'><strong>S.</strong></span> <span class='ocrx_word' id='word_1_165' title='bbox 318 2984 482 3043; x_wconf 83' lang='lat' dir='ltr'><strong>Francisco</strong></span> <span class='ocrx_word' id='word_1_166' title='bbox 496 2984 630 3043; x_wconf 85' lang='lat' dir='ltr'><strong>Xaverio</strong></span> <span class='ocrx_word' id='word_1_167' title='bbox 644 2986 765 3060; x_wconf 86' lang='lat' dir='ltr'><strong>scripta,</strong></span> <span class='ocrx_word' id='word_1_168' title='bbox 780 2993 838 3044; x_wconf 91' lang='lat' dir='ltr'><strong>etc.</strong></span> 
     </span>
    </p>
   </div>
   <div class='ocr_carea' id='block_1_10' title="bbox 795 3132 976 3201">
    <p class='ocr_par' dir='ltr' id='par_1_16' title="bbox 795 3132 976 3201">
     <span class='ocr_line' id='line_1_24' title="bbox 795 3132 976 3201; baseline -0.028 0"><span class='ocrx_word' id='word_1_169' title='bbox 795 3132 909 3201; x_wconf 76' lang='lat' dir='ltr'><strong>Codex</strong></span> <span class='ocrx_word' id='word_1_170' title='bbox 919 3134 976 3199; x_wconf 80' lang='lat'><strong>25.</strong></span> 
     </span>
    </p>
   </div>
   <div class='ocr_carea' id='block_1_11' title="bbox 267 3280 1495 4043">
    <p class='ocr_par' dir='ltr' id='par_1_17' title="bbox 337 3280 896 3341">
     <span class='ocr_line' id='line_1_25' title="bbox 337 3280 896 3341; baseline 0 -2"><span class='ocrx_word' id='word_1_171' title='bbox 337 3281 431 3340; x_wconf 81' lang='lat' dir='ltr'><strong>Goon.</strong></span> <span class='ocrx_word' id='word_1_172' title='bbox 442 3280 546 3339; x_wconf 82' lang='lat' dir='ltr'><strong>histor.</strong></span> <span class='ocrx_word' id='word_1_173' title='bbox 558 3280 754 3341; x_wconf 53' lang='lat' dir='ltr'><strong>Aetke-Vol.</strong></span> <span class='ocrx_word' id='word_1_174' title='bbox 768 3281 799 3338; x_wconf 92' lang='lat' dir='ltr'><strong>in</strong></span> <span class='ocrx_word' id='word_1_175' title='bbox 815 3281 896 3339; x_wconf 79' lang='lat' dir='ltr'><strong>lolio.</strong></span> 
     </span>
    </p>

    <p class='ocr_par' dir='ltr' id='par_1_18' title="bbox 333 3376 1243 3457">
     <span class='ocr_line' id='line_1_26' title="bbox 333 3376 1243 3457; baseline -0.001 -22"><span class='ocrx_word' id='word_1_176' title='bbox 333 3377 490 3453; x_wconf 90' lang='lat' dir='ltr'><strong>Inscriptio</strong></span> <span class='ocrx_word' id='word_1_177' title='bbox 506 3387 631 3457; x_wconf 86' lang='lat' dir='ltr'><strong>atergo:</strong></span> <span class='ocrx_word' id='word_1_178' title='bbox 649 3378 773 3439; x_wconf 81' lang='lat' dir='ltr'><strong>«Goana</strong></span> <span class='ocrx_word' id='word_1_179' title='bbox 792 3378 796 3457; x_wconf 75' lang='lat' dir='ltr'><strong>l</strong></span> <span class='ocrx_word' id='word_1_180' title='bbox 814 3378 893 3438; x_wconf 93' lang='lat' dir='ltr'><strong>Hist.</strong></span> <span class='ocrx_word' id='word_1_181' title='bbox 909 3376 1023 3454; x_wconf 82' lang='lat' dir='ltr'><strong>Aeth.&#39;¹,</strong></span> <span class='ocrx_word' id='word_1_182' title='bbox 1046 3378 1243 3451; x_wconf 83' lang='lat'><strong>1549-1629.»</strong></span> 
     </span>
    </p>

    <p class='ocr_par' dir='ltr' id='par_1_19' title="bbox 268 3477 1495 3632">
     <span class='ocr_line' id='line_1_27' title="bbox 332 3477 1495 3553; baseline -0.001 -19"><span class='ocrx_word' id='word_1_183' title='bbox 332 3477 537 3537; x_wconf 87' lang='lat' dir='ltr'><strong>Monumentis</strong></span> <span class='ocrx_word' id='word_1_184' title='bbox 560 3478 609 3552; x_wconf 82' lang='lat'><strong>65,</strong></span> <span class='ocrx_word' id='word_1_185' title='bbox 628 3496 708 3552; x_wconf 89' lang='lat' dir='ltr'><strong>quae</strong></span> <span class='ocrx_word' id='word_1_186' title='bbox 732 3478 866 3536; x_wconf 89' lang='lat' dir='ltr'><strong>numeris</strong></span> <span class='ocrx_word' id='word_1_187' title='bbox 889 3478 1023 3535; x_wconf 91' lang='lat' dir='ltr'><strong>romanis</strong></span> <span class='ocrx_word' id='word_1_188' title='bbox 1042 3493 1084 3534; x_wconf 88' lang='lat' dir='ltr'><strong>ex</strong></span> <span class='ocrx_word' id='word_1_189' title='bbox 1109 3477 1216 3535; x_wconf 89' lang='lat' dir='ltr'><strong>ordine</strong></span> <span class='ocrx_word' id='word_1_190' title='bbox 1235 3477 1400 3553; x_wconf 84' lang='lat' dir='ltr'><strong>signantur,</strong></span> <span class='ocrx_word' id='word_1_191' title='bbox 1422 3492 1495 3534; x_wconf 79' lang='lat' dir='ltr'><strong>coa·</strong></span> 
     </span>
     <span class='ocr_line' id='line_1_28' title="bbox 268 3561 1488 3632; baseline 0 -3"><span class='ocrx_word' id='word_1_192' title='bbox 268 3572 367 3632; x_wconf 85' lang='lat' dir='ltr'><strong>lescit.</strong></span> <span class='ocrx_word' id='word_1_193' title='bbox 1485 3561 1488 3564; x_wconf 69' lang='grc'><strong>’</strong></span> 
     </span>
    </p>

    <p class='ocr_par' dir='ltr' id='par_1_20' title="bbox 267 3668 1494 4043">
     <span class='ocr_line' id='line_1_29' title="bbox 331 3668 1491 3747; baseline -0.003 -17"><span class='ocrx_word' id='word_1_194' title='bbox 331 3668 475 3731; x_wconf 89' lang='lat' dir='ltr'><strong>Continet</strong></span> <span class='ocrx_word' id='word_1_195' title='bbox 502 3674 658 3747; x_wconf 88' lang='lat' dir='ltr'><strong>epistolas,</strong></span> <span class='ocrx_word' id='word_1_196' title='bbox 683 3674 906 3746; x_wconf 86' lang='lat' dir='ltr'><strong>instructiones,</strong></span> <span class='ocrx_word' id='word_1_197' title='bbox 934 3674 1122 3732; x_wconf 81' lang='lat' dir='ltr'><strong>narrationes</strong></span> <span class='ocrx_word' id='word_1_198' title='bbox 1148 3672 1268 3746; x_wconf 85' lang='lat' dir='ltr'><strong>aliaque</strong></span> <span class='ocrx_word' id='word_1_199' title='bbox 1296 3672 1491 3741; x_wconf 87' lang='lat' dir='ltr'><strong>documenta,</strong></span> 
     </span>
     <span class='ocr_line' id='line_1_30' title="bbox 267 3770 1493 3849; baseline -0.001 -22"><span class='ocrx_word' id='word_1_200' title='bbox 267 3771 378 3843; x_wconf 82' lang='lat' dir='ltr'><strong>partlm</strong></span> <span class='ocrx_word' id='word_1_201' title='bbox 392 3771 567 3847; x_wconf 88' lang='lat' dir='ltr'><strong>archetypa,</strong></span> <span class='ocrx_word' id='word_1_202' title='bbox 581 3774 690 3846; x_wconf 90' lang='lat' dir='ltr'><strong>partim</strong></span> <span class='ocrx_word' id='word_1_203' title='bbox 704 3774 882 3849; x_wconf 88' lang='lat' dir='ltr'><strong>apographa</strong></span> <span class='ocrx_word' id='word_1_204' title='bbox 896 3788 1021 3842; x_wconf 83' lang='lat' dir='ltr'><strong>coaeva,</strong></span> <span class='ocrx_word' id='word_1_205' title='bbox 1035 3771 1074 3829; x_wconf 92' lang='lat' dir='ltr'><strong>de</strong></span> <span class='ocrx_word' id='word_1_206' title='bbox 1089 3770 1181 3830; x_wconf 88' lang='lat' dir='ltr'><strong>rebus</strong></span> <span class='ocrx_word' id='word_1_207' title='bbox 1194 3777 1225 3828; x_wconf 92' lang='lat' dir='ltr'><strong>et</strong></span> <span class='ocrx_word' id='word_1_208' title='bbox 1235 3770 1374 3845; x_wconf 86' lang='lat' dir='ltr'><strong>personis</strong></span> <span class='ocrx_word' id='word_1_209' title='bbox 1387 3770 1493 3827; x_wconf 89' lang='lat' dir='ltr'><strong>Socie-</strong></span> 
     </span>
     <span class='ocr_line' id='line_1_31' title="bbox 267 3868 1494 3944; baseline -0.002 -19"><span class='ocrx_word' id='word_1_210' title='bbox 267 3869 341 3925; x_wconf 84' lang='lat' dir='ltr'><strong>tatIs</strong></span> <span class='ocrx_word' id='word_1_211' title='bbox 352 3868 424 3942; x_wconf 89' lang='lat' dir='ltr'><strong>Jesu</strong></span> <span class='ocrx_word' id='word_1_212' title='bbox 442 3869 473 3927; x_wconf 92' lang='lat' dir='ltr'><strong>in</strong></span> <span class='ocrx_word' id='word_1_213' title='bbox 487 3868 659 3944; x_wconf 87' lang='lat' dir='ltr'><strong>Aethiopia,</strong></span> <span class='ocrx_word' id='word_1_214' title='bbox 674 3872 761 3929; x_wconf 91' lang='lat' dir='ltr'><strong>annis</strong></span> <span class='ocrx_word' id='word_1_215' title='bbox 775 3871 805 3928; x_wconf 93' lang='lat' dir='ltr'><strong>in</strong></span> <span class='ocrx_word' id='word_1_216' title='bbox 820 3870 907 3930; x_wconf 88' lang='lat' dir='ltr'><strong>titulo</strong></span> <span class='ocrx_word' id='word_1_217' title='bbox 926 3870 1047 3929; x_wconf 88' lang='lat' dir='ltr'><strong>notatis.</strong></span> <span class='ocrx_word' id='word_1_218' title='bbox 1067 3868 1100 3927; x_wconf 92' lang='lat' dir='ltr'><strong>ln</strong></span> <span class='ocrx_word' id='word_1_219' title='bbox 1120 3868 1272 3943; x_wconf 89' lang='lat' dir='ltr'><strong>aliquibus</strong></span> <span class='ocrx_word' id='word_1_220' title='bbox 1290 3868 1366 3927; x_wconf 89' lang='lat' dir='ltr'><strong>locis</strong></span> <span class='ocrx_word' id='word_1_221' title='bbox 1386 3884 1494 3926; x_wconf 89' lang='lat' dir='ltr'><strong>manns</strong></span> 
     </span>
     <span class='ocr_line' id='line_1_32' title="bbox 271 3964 604 4043; baseline 0.012 -21"><span class='ocrx_word' id='word_1_222' title='bbox 271 3964 396 4025; x_wconf 86' lang='lat' dir='ltr'><strong>Polanci</strong></span> <span class='ocrx_word' id='word_1_223' title='bbox 410 3968 604 4043; x_wconf 90' lang='lat' dir='ltr'><strong>conspicitur.</strong></span> 
     </span>
    </p>
   </div>
   <div class='ocr_carea' id='block_1_12' title="bbox 790 4114 979 4182">
    <p class='ocr_par' dir='ltr' id='par_1_21' title="bbox 790 4114 979 4182">
     <span class='ocr_line' id='line_1_33' title="bbox 790 4114 979 4182; baseline -0.011 -1"><span class='ocrx_word' id='word_1_224' title='bbox 790 4114 904 4182; x_wconf 80' lang='lat' dir='ltr'><strong>Codex</strong></span> <span class='ocrx_word' id='word_1_225' title='bbox 922 4114 979 4182; x_wconf 82' lang='lat'><strong>26.</strong></span> 
     </span>
    </p>
   </div>
   <div class='ocr_carea' id='block_1_13' title="bbox 332 4260 979 4439">
    <p class='ocr_par' dir='ltr' id='par_1_22' title="bbox 332 4260 979 4439">
     <span class='ocr_line' id='line_1_34' title="bbox 333 4260 979 4353; baseline 0.002 -33"><span class='ocrx_word' id='word_1_226' title='bbox 333 4261 449 4321; x_wconf 76' lang='lat' dir='ltr'><strong>Hister.</strong></span> <span class='ocrx_word' id='word_1_227' title='bbox 464 4260 710 4353; x_wconf 57' lang='lat' dir='ltr'><strong>Aethiope—Vol.</strong></span> <span class='ocrx_word' id='word_1_228' title='bbox 726 4263 755 4321; x_wconf 89' lang='lat' dir='ltr'><strong>ln</strong></span> <span class='ocrx_word' id='word_1_229' title='bbox 770 4263 831 4335; x_wconf 83' lang='lat' dir='ltr'><strong>fol,</strong></span> <span class='ocrx_word' id='word_1_230' title='bbox 846 4262 979 4339; x_wconf 88' lang='lat' dir='ltr'><strong>ligatum.</strong></span> 
     </span>
     <span class='ocr_line' id='line_1_35' title="bbox 332 4361 776 4439; baseline 0 -19"><span class='ocrx_word' id='word_1_231' title='bbox 332 4361 424 4420; x_wconf 86' lang='lat' dir='ltr'><strong>Foliis</strong></span> <span class='ocrx_word' id='word_1_232' title='bbox 437 4362 499 4423; x_wconf 85' lang='lat'><strong>620</strong></span> <span class='ocrx_word' id='word_1_233' title='bbox 511 4363 637 4439; x_wconf 83' lang='lat' dir='ltr'><strong>sIgnatis</strong></span> <span class='ocrx_word' id='word_1_234' title='bbox 648 4369 776 4421; x_wconf 85' lang='lat' dir='ltr'><strong>constat</strong></span> 
     </span>
    </p>
   </div>
   <div class='ocr_carea' id='block_1_14' title="bbox 333 4456 1652 4535">
    <p class='ocr_par' dir='ltr' id='par_1_23' title="bbox 333 4456 1652 4535">
     <span class='ocr_line' id='line_1_36' title="bbox 333 4456 1652 4535; baseline -0.003 -18"><span class='ocrx_word' id='word_1_235' title='bbox 333 4458 460 4519; x_wconf 88' lang='lat' dir='ltr'><strong>Titulus:</strong></span> <span class='ocrx_word' id='word_1_236' title='bbox 477 4460 630 4519; x_wconf 79' lang='lat' dir='ltr'><strong>«Historia</strong></span> <span class='ocrx_word' id='word_1_237' title='bbox 644 4460 684 4519; x_wconf 90' lang='lat' dir='ltr'><strong>de</strong></span> <span class='ocrx_word' id='word_1_238' title='bbox 698 4460 839 4535; x_wconf 83' lang='lat' dir='ltr'><strong>Ethiopia</strong></span> <span class='ocrx_word' id='word_1_239' title='bbox 853 4478 871 4518; x_wconf 92' lang='lat' dir='ltr'><strong>a</strong></span> <span class='ocrx_word' id='word_1_240' title='bbox 886 4460 947 4518; x_wconf 91' lang='lat' dir='ltr'><strong>alta</strong></span> <span class='ocrx_word' id='word_1_241' title='bbox 958 4476 999 4517; x_wconf 92' lang='lat' dir='ltr'><strong>ou</strong></span> <span class='ocrx_word' id='word_1_242' title='bbox 1010 4458 1149 4530; x_wconf 85' lang='lat' dir='ltr'><strong>Abassia,</strong></span> <span class='ocrx_word' id='word_1_243' title='bbox 1160 4458 1291 4533; x_wconf 85' lang='lat' dir='ltr'><strong>Imperio</strong></span> <span class='ocrx_word' id='word_1_244' title='bbox 1304 4458 1346 4516; x_wconf 94' lang='lat' dir='ltr'><strong>do</strong></span> <span class='ocrx_word' id='word_1_245' title='bbox 1361 4456 1496 4516; x_wconf 82' lang='lat' dir='ltr'><strong>Abexim</strong></span> <span class='ocrx_word' id='word_1_246' title='bbox 1617 4470 1621 4476; x_wconf 83' lang='grc'><strong>’</strong></span> <span class='ocrx_word' id='word_1_247' title='bbox 1648 4472 1652 4481; x_wconf 92' lang='grc'><em>·</em></span> 
     </span>
    </p>
   </div>
   <div class='ocr_carea' id='block_1_15' title="bbox 268 4543 1496 4732">
    <p class='ocr_par' dir='ltr' id='par_1_24' title="bbox 268 4543 1496 4732">
     <span class='ocr_line' id='line_1_37' title="bbox 268 4543 1496 4635; baseline -0.004 -19"><span class='ocrx_word' id='word_1_248' title='bbox 268 4559 342 4631; x_wconf 89' lang='lat' dir='ltr'><strong>cujo</strong></span> <span class='ocrx_word' id='word_1_249' title='bbox 364 4556 429 4634; x_wconf 87' lang='lat' dir='ltr'><strong>Rey</strong></span> <span class='ocrx_word' id='word_1_250' title='bbox 447 4559 656 4635; x_wconf 83' lang='lat' dir='ltr'><strong>vulgarmente</strong></span> <span class='ocrx_word' id='word_1_251' title='bbox 675 4558 714 4616; x_wconf 71' lang='lat' dir='ltr'><strong>he</strong></span> <span class='ocrx_word' id='word_1_252' title='bbox 734 4558 885 4617; x_wconf 89' lang='lat' dir='ltr'><strong>chamado</strong></span> <span class='ocrx_word' id='word_1_253' title='bbox 906 4558 1012 4615; x_wconf 87' lang='lat' dir='ltr'><strong>Preste</strong></span> <span class='ocrx_word' id='word_1_254' title='bbox 1028 4557 1126 4631; x_wconf 88' lang='lat' dir='ltr'><strong>Joam,</strong></span> <span class='ocrx_word' id='word_1_255' title='bbox 1140 4565 1290 4630; x_wconf 81' lang='lat' dir='ltr'><strong>conposta</strong></span> <span class='ocrx_word' id='word_1_256' title='bbox 1311 4543 1496 4630; x_wconf 70' lang='lat' dir='ltr'><strong>pelo&#39;padre</strong></span> 
     </span>
     <span class='ocr_line' id='line_1_38' title="bbox 273 4654 1342 4732; baseline -0.003 -18"><span class='ocrx_word' id='word_1_257' title='bbox 273 4654 394 4715; x_wconf 83' lang='lat' dir='ltr'><strong>Manoel</strong></span> <span class='ocrx_word' id='word_1_258' title='bbox 409 4657 438 4715; x_wconf 86' lang='lat' dir='ltr'><strong>d&#39;</strong></span> <span class='ocrx_word' id='word_1_259' title='bbox 454 4656 595 4716; x_wconf 87' lang='lat' dir='ltr'><strong>Almeida</strong></span> <span class='ocrx_word' id='word_1_260' title='bbox 609 4658 649 4715; x_wconf 92' lang='lat' dir='ltr'><strong>da</strong></span> <span class='ocrx_word' id='word_1_261' title='bbox 664 4656 855 4732; x_wconf 89' lang='lat' dir='ltr'><strong>Companhia</strong></span> <span class='ocrx_word' id='word_1_262' title='bbox 869 4657 910 4715; x_wconf 87' lang='lat' dir='ltr'><strong>de</strong></span> <span class='ocrx_word' id='word_1_263' title='bbox 921 4657 1020 4732; x_wconf 88' lang='lat' dir='ltr'><strong>Jesus,</strong></span> <span class='ocrx_word' id='word_1_264' title='bbox 1034 4655 1150 4714; x_wconf 89' lang='lat' dir='ltr'><strong>natural</strong></span> <span class='ocrx_word' id='word_1_265' title='bbox 1164 4655 1205 4712; x_wconf 90' lang='lat' dir='ltr'><strong>de</strong></span> <span class='ocrx_word' id='word_1_266' title='bbox 1219 4654 1342 4713; x_wconf 81' lang='lat' dir='ltr'><strong>visen.»</strong></span> 
     </span>
    </p>
   </div>
   <div class='ocr_carea' id='block_1_16' title="bbox 0 0 1818 5399">
    <p class='ocr_par' dir='ltr' id='par_1_25' title="bbox 0 0 1818 5399">
     <span class='ocr_line' id='line_1_39' title="bbox 0 0 1818 5399; baseline 0 0"><span class='ocrx_word' id='word_1_267' title='bbox 0 0 1818 5399; x_wconf 95' lang='lat' dir='ltr'><strong> </strong></span> 
     </span>
    </p>
   </div>
  </div>
 </body>
</html>
