3625 5400
362 366 417 437 048
739 370 946 427 Mortuum-m
965 370 1144 426 leuentur

395 522 428 585 A
453 524 551 607 tergo
577 521 647 587 alio
675 543 795 588 manu.
830 520 924 591 Patri
954 522 1110 591 Nicolao.
1145 525 1186 590 P.
1215 523 1386 590 Polancus
1401 522 1561 589 momine

333 639 373 704 P.
390 632 528 723 Ignatii.
546 636 724 707 Seruetur.

906 756 984 839 23⁰

423 876 577 944 PATER
607 878 821 966 JoANNES
855 880 918 946 ne
953 859 1180 948 tornaco
1216 881 1278 947 nx
1313 880 1463 947 couu.

592 991 731 1047 PATRI
762 992 968 1065 NlCOLAO
999 992 1297 1053 LANCILOTTO

710 1101 798 1146 noun
817 1104 852 1146 22
869 1103 1051 1147 uovntmars
1071 1104 1140 1162 1547
1159 1093 1179 1151 ¹.

335 1186 384 1239 Ad
395 1187 613 1243 accuratiorem
628 1189 769 1243 notitiam
780 1190 817 1244 de
829 1189 937 1244 Indiae
949 1190 1036 1245 rebus
1047 1181 1215 1246 bbendum
1225 1191 1390 1261 meliusque
1397 1188 1559 1260 providem

386 1275 460 1330 dum
478 1277 667 1333 vastissimae
684 1277 771 1331 illius
792 1278 926 1350 regionis
941 1278 1173 1347 necessitatibus,
1189 1284 1281 1351 putat
1298 1277 1440 1352 ignatius
1455 1277 1557 1331 virum

388 1363 587 1431 industrium,
600 1366 654 1437 q'ui
664 1382 806 1421 romanos
818 1367 931 1445 doceat,
942 1385 978 1422 cx
987 1366 1079 1421 ludia
1088 1368 1172 1422 mitti
1180 1372 1316 1439 oportere
1324 1384 1394 1422 cum
1406 1364 1559 1439 indigenis

291 1452 293 1455 ’
388 1452 505 1525 aliquot
521 1456 563 1510 ad
583 1453 737 1511 Christum
754 1456 916 1511 conversis:
932 1456 1023 1511 illum
1040 1474 1111 1513 uero
1126 1458 1275 1513 mandato
1287 1458 1321 1511 in
1332 1456 1468 1529 scriptis,
1480 1453 1557 1509 tosti·

389 1543 490 1597 monio
499 1532 638 1599 uirorum
648 1544 801 1599 maximae
809 1544 1003 1599 auctoritatis
1011 1544 1330 1619 coufirmato,osserre
1332 1544 1558 1617 juta-Proe-

390 1634 473 1687 terea
484 1633 526 1687 ad
538 1649 610 1704 quos
620 1634 784 1705 praecipuo
796 1635 878 1689 viros
890 1634 927 1689 de
940 1634 1027 1690 robus
1038 1634 1149 1690 indicis
1157 1634 1346 1691 scribendum
1354 1633 1406 1698 sit,
1416 1636 1524 1688 monet.

918 1742 986 1861 ris.

407 1908 527 1977 Gratia
552 1920 588 1977 et
613 1931 680 1996 pax
705 1909 834 1978 domini
857 1910 963 1977 nostri
982 1913 1066 2000 Jesu
1089 1911 1147 1979 Χ)
1168 1933 1248 1979 cum
1270 1910 1429 1978 omnibus
1452 1907 1558 1977 vobis.

344 2014 469 2091 Amen.
1527 2088 1533 2099 .

409 2138 616 2211 Charissime
630 2140 667 2207 in
682 2142 819 2209 domino
829 2143 914 2231 jesu
930 2142 995 2212 X.⁰
1012 2144 1125 2210 Pater.
1144 2144 1212 2212 Per
1227 2142 1310 2209 alias
1325 2142 1457 2210 litteras
1480 2142 1491 2173 ¹
1507 2160 1561 2206 re-

344 2275 512 2340 sponsum¹
523 2257 562 2323 fit
578 2256 657 2340 tuis,
676 2257 864 2325 Nouembri
880 2281 999 2328 mense
1014 2259 1095 2325 anni
1113 2258 1198 2342 1546
1213 2258 1258 2325 ad
1268 2278 1331 2323 nos
1342 2254 1562 2335 transmissis

345 2369 400 2437 his
425 2392 526 2457 porro
552 2371 707 2441 adiiciam
734 2375 900 2461 quaedam
926 2375 970 2441 de
996 2373 1234 2443 commissione
1257 2371 1370 2439 Patris
1395 2370 1503 2438 nostri
1528 2368 1565 2435 in

341 2486 425 2573 Jesu
441 2484 506 2553 X.⁰
522 2488 566 2553 D.
584 2486 721 2574 Ignatii,
739 2508 826 2573 quae
841 2490 886 2556 ad
900 2490 967 2559 Dei
987 2489 1143 2577 gloriam,
1161 2510 1202 2556 ac
1217 2498 1366 2555 vestram
1381 2498 1417 2553 et
1433 2485 1566 2572 collegii

346 2598 553 2687 spiritualem
569 2603 832 2673 consolationem
849 2614 883 2672 et
898 2605 1102 2693 proiectum,
1119 2604 1188 2671 imo
1203 2612 1238 2671 et
1252 2604 1375 2671 Gouae
1390 2602 1567 2687 totiusque

346 2715 463 2785 Indiae
477 2738 546 2784 non
562 2718 733 2787 mediocre
748 2723 1014 2789 emolumentum
1030 2722 1145 2788 futura
1159 2741 1348 2807 speramus;
1365 2719 1462 2806 cogit
1477 2717 1567 2786 enim

344 2834 428 2920 Jesu
443 2832 524 2920 Xpi.
541 2834 689 2902 charitas
708 2837 748 2903 R.
774 2839 814 2904 Ρ.
837 2827 1020 2924 lg‘natium,
1042 2845 1080 2902 vt
1099 2834 1221 2903 vestris
1239 2836 1283 2902 de
1302 2837 1407 2902 rebus
1425 2833 1569 2900 sollicite

349 2946 491 3034 cogitet.
510 2949 584 3018 Nec
598 2972 680 3019 vero
696 2961 764 3018 tam
776 2953 881 3039 longo
894 2963 1005 3027 terrae
1016 2949 1186 3036 marisque
1202 2960 1314 3018 tractu
1325 2949 1505 3018 interiecto
1516 2948 1566 3026 fit‚'

350 3073 389 3128 vt
404 3063 515 3131 minus
531 3076 626 3134 arcto
641 3067 764 3134 amoris
779 3067 962 3154 complexu
977 3088 1039 3132 vos
1054 3066 1213 3152 stringat,
1226 3066 1307 3148 imo,
1321 3087 1390 3151 quo
1403 3063 1488 3131 estis
1499 3083 1573 3129 cor·

352 3179 492 3266 poribus
506 3181 616 3268 magis
631 3181 789 3267 sejuncti,
808 3204 849 3251 eo
870 3182 1049 3249 affectibus
1069 3192 1164 3275 tenet
1186 3180 1439 3266 conjunctiores
1457 3178 1495 3244 in
1508 3177 1573 3245 X?

347 3297 444 3382 Jesu,
462 3295 498 3363 in
514 3317 583 3382 quo
598 3318 717 3366 omnes
734 3319 841 3364 vnum
862 3296 1028 3366 efficimur
1045 3318 1169 3383 corpus
1189 3299 1215 3378 ⁸,
1238 3296 1447 3381 vbicumque
1467 3304 1574 3360 terra-

355 3431 429 3477 rum
445 3411 552 3478 simus
567 3412 755 3479 constituti.

422 3527 589 3613 Expedite
604 3548 689 3615 ergo
703 3527 875 3596 videretur
887 3526 982 3595 Patri
994 3538 1121 3609 nostro,
1135 3537 1173 3593 vt
1185 3525 1286 3594 istinc
1297 3526 1341 3593 ad
1352 3547 1416 3592 nos
1427 3524 1577 3611 aliquem

356 3641 561 3710 industrium
577 3643 687 3710 virum
703 3643 894 3730 mitteretis,
912 3643 1029 3730 quide
1045 3643 1167 3710 vestris
1182 3653 1217 3711 et
1233 3635 1331 3709 'Indie
1351 3642 1454 3709 rebus
1470 3639 1577 3707 ratio-

357 3777 435 3825 nem
450 3759 556 3844 probe
571 3759 664 3844 apud
679 3758 873 3845 pontificem
888 3779 1059 3825 summum
1075 3770 1111 3828 et
1126 3778 1288 3844 proceres
1306 3767 1321 3797 ⁸
1340 3755 1444 3841 hujus
1464 3775 1579 3821 roma-

409 3931 423 3959 ·
441 3931 553 3988 pceres.
568 3933 625 3985 ms;
641 3933 787 3990 proceres,
804 3919 869 3974 sine
889 3917 1121 3981 abbreviatiotu,
1137 3916 1172 3972 in
1193 3915 1381 3972 advorsariis
1402 3932 1422 3969 o
1445 3913 1580 3969 Polouco

358 4005 508 4061 exaratis.

413 4140 421 4173 ¹
460 4139 503 4196 Ex
515 4141 579 4196 cod.
599 4139 726 4212 Ulyssip.
740 4141 765 4206 I,
779 4142 908 4213 archet.,
921 4157 951 4196 n.
966 4139 993 4210 8,
1006 4137 1112 4196 f01.33.
1125 4139 1251 4194 Exstant
1267 4135 1354 4210 hujus
1371 4135 1514 4208 epistolae
1531 4133 1581 4190 ad·

360 4229 499 4298 versario,
522 4247 608 4285 manu
630 4229 663 4284 P.
687 4230 805 4285 Polanci
827 4229 945 4302 scripta,
964 4229 995 4284 in
1016 4227 1118 4285 codice
1135 4228 1232 4300 Epist.
1257 4227 1386 4282 Potauci
1402 4243 1440 4282 ou
1459 4241 1581 4288 comm„

361 4334 390 4371 n.
404 4317 451 4386 68,
465 4315 544 4389 prius
557 4317 596 4373 tol
620 4330 665 4391 79.
680 4319 712 4374 In
724 4319 788 4374 cod.
803 4319 918 4384 Paris„
932 4336 960 4374 n.
975 4312 1580 4389 104,iol.122‚habeturapogr.-Cartae‚

242 4393 245 4400 ’
362 4423 391 4459 n.
405 4405 568 4462 cxxvllt.

415 4499 427 4529 ¹
464 4494 540 4551 Vide
553 4496 707 4568 epistolam
720 4496 909 4569 superiorem.

419 4583 430 4616 ⁵
466 4583 513 4640 Ci.
528 4585 676 4657 ΑΒΜ,
689 4586 755 4654 XII,
771 4599 797 4655 5.
