3625 5400
691 435 874 492 Pnnsrnrro
892 446 1052 492 sedemus
1109 475 1117 494 .
1412 451 1444 493 21

257 597 480 654 monumenta
496 585 683 673 ignatiana,
701 596 805 672 atque
819 587 908 654 inter
924 587 999 673 ejus
1014 608 1128 674 opera,
1142 588 1284 674 perinde
1295 609 1337 655 ac
1350 587 1480 674 reliqua

256 701 301 766 ab
317 701 391 786 ipso
407 700 542 788 Ignatio
557 712 705 782 exarata,
729 704 949 771 recensenda.
972 704 1075 788 Quod
1097 703 1245 788 quidem,
1267 704 1347 788 quia
1362 705 1479 791 magni

257 816 419 884 momenti
435 816 606 898 ducimus,
625 816 764 885 uberius
780 828 832 885 est
848 816 1100 903 explicandum.

323 934 515 999 2.—Fuere
542 932 694 998 nonnulli
723 931 793 1016 qui,
812 931 913 998 nimis
933 942 1026 1001 arcte
1047 955 1119 1001 rem
1145 932 1388 1020 intelligentes,
1411 934 1477 1000 illis

254 1057 388 1113 tantum
404 1047 540 1133 scriptis
551 1067 591 1114 ac
604 1046 832 1115 monumentis
844 1048 959 1114 sedem
971 1047 1061 1116 inter
1073 1047 1248 1134 ignatiana
1259 1047 1474 1116 tribuendam

253 1184 328 1230 esse
356 1163 528 1242 dixerunt,
546 1184 634 1247 quae
661 1174 721 1229 aut
743 1161 885 1248 ipsemet
907 1163 1041 1250 integra
1065 1174 1249 1244 enatasset,
1271 1173 1332 1231 aut
1354 1166 1474 1233 saltem

251 1277 520 1364 subscripsisset:
538 1299 644 1364 quare
659 1300 701 1346 ex
718 1301 835 1346 eorum
850 1301 993 1348 numero
1006 1278 1167 1366 epistolas
1182 1300 1302 1346 omnes
1317 1300 1473 1347 remove-

251 1405 344 1473 runt,
368 1415 468 1478 quae,
490 1394 533 1460 ab
561 1393 635 1460 aliis
661 1404 831 1476 exaratae,
852 1394 1008 1479 quamvis
1029 1392 1088 1460 illo
1110 1394 1254 1478 jubente
1281 1415 1322 1461 ac
1348 1394 1473 1481 scripta

250 1510 465 1592 emendante,
484 1511 609 1596 sparsis
624 1512 816 1596 per·orbem
833 1510 934 1577 sociis
950 1510 1182 1578 mittebantur.
1206 1508 1317 1576 Nobis
1338 1521 1470 1593 contra,

250 1645 322 1689 rem
337 1623 486 1709 penitius
501 1624 824 1711 introspicientibus,
844 1635 916 1690 tum
933 1623 1126 1711 hujusmodi
1140 1623 1302 1710 epistolae
1318 1636 1390 1691 tum
1407 1625 1472 1692 alia

251 1751 471 1808 monumenta
493 1741 603 1808 eidem
616 1741 749 1826 Ignatio
769 1739 992 1808 adscribenda
1007 1763 1083 1808 esse
1096 1740 1267 1820 videntur,
1282 1739 1361 1826 quia
1373 1762 1471 1807 reve·
1563 1729 1565 1733 ¹

249 1875 286 1920 ra
300 1877 340 1922 eo
352 1856 548 1936 mandante,
566 1856 760 1943 corrigente
776 1866 811 1921 et
826 1858 1048 1942 approbante,
1067 1856 1192 1942 scripta
1207 1865 1242 1923 et
1258 1854 1359 1921 missa
1375 1865 1467 1921 sunt.

249 1970 382 2038 Etenim
399 1971 457 2054 qui
474 1971 670 2056 hujusmodi
686 1971 904 2058 epistolarum
922 1971 1113 2038 adversaria
1132 1969 1204 2037 suis
1223 1969 1332 2038 oculis
1347 1971 1470 2056 adspe-

248 2096 384 2165 xerunt,
403 2085 426 2150 ii
453 2088 514 2153 abs
541 2086 645 2153 dubio
672 2086 941 2155 animadvertere
964 2097 1108 2172 potuere
1128 2087 1324 2171 frequentes
1346 2085 1469 2172 Ignatii

251 2201 517 2282 emendationes
537 2201 775 2280 additamenta,
794 2205 879 2270 haec
895 2202 931 2267 in
947 2202 1012 2268 alia
1027 2223 1203 2281 conversa,
1221 2203 1387 2286 quaedam
1407 2201 1469 2266 de·

251 2325 370 2395 tracta,
389 2315 539 2403 epitheta
554 2318 698 2402 adjecta;
712 2319 829 2397 verbo',
847 2315 895 2383 ita
911 2317 1071 2403 epistolas
1085 2337 1161 2384 esse
1177 2317 1220 2382 ad
1236 2336 1386 2401 unguem
1410 2337 1468 2382 ca-

249 2429 405 2516 stigatas,
430 2442 468 2496 ut
489 2431 523 2497 id
545 2442 677 2498 tantum
697 2433 918 2512 scriberetur,
941 2441 1044 2517 atque
1064 2452 1105 2498 eo
1125 2432 1226 2496 modo
1248 2429 1466 2510 scriberetur,

248 2568 317 2632 quo
333 2547 497 2632 lgnatius,
516 2569 670 2614 summus
686 2547 865 2616 Societatis
882 2558 1004 2628 rector,
1022 2547 1123 2614 scribi
1139 2547 1306 2614 voluerat.
1324 2547 1402 2612 Non
1421 2545 1468 2612 ita

247 2683 343 2745 sane,
360 2675 398 2727 ut
422 2663 595 2749 proprium
618 2663 893 2749 uniuscujusque·
910 2661 1094 2749 scriptoris,
1120 2681 1155 2729 v:
1177 2683 1229 2748 gr.
1253 2663 1465 2744 Domenech,

247 2779 408 2861 Polanco,
418 2778 498 2846 Vitn
510 2790 569 2846 aut
582 2779 704 2860 Frusii,
719 2778 870 2846 Ferronii
883 2789 942 2845 aut
955 2777 1191 2858 Ribadeneira‚
1202 2777 1317 2845 stilum
1330 2777 1402 2843 sive
1413 2776 1468 2843 di-

244 2893 344 2960 cendi
361 2896 588 2963 characterem
604 2894 798 2962 immutaret
820 2905 922 2978 atque
942 2915 1041 2959 suum
1065 2894 1213 2961 efficeret
1234 2892 1356 2978 (neque
1376 2892 1466 2958 enim

244 3011 311 3074 hoc
331 3009 498 3095 dicimus),
517 3011 577 3077 'sed
592 3010 639 3077 ita
657 3020 705 3091 ut,
724 3020 856 3077 retenta
876 3010 1042 3095 cujusque
1062 3008 1196 3075 dicendi
1220 3009 1338 3087 torma,
1357 3006 1467 3093 magis

242 3124 398 3191 minusve
417 3124 531 3191 studio
547 3126 719 3212 scriptoris
735 3148 775 3192 ac
791 3124 968 3210 diligentia
991 3126 1173 3203 elaborata,
1192 3144 1246 3191 res
1269 3142 1356 3207 quae
1372 3121 1447 3190 dice

241 3241 378 3319 bantur,
397 3262 570 3326 responsa,
588 3240 764 3327 promissa,
784 3239 1032 3318 excusationes
1047 3238 1217 3316 mandata,
1235 3247 1295 3304 aut
1310 3235 1462 3319 consilia,

239 3363 302 3419 aut
316 3354 608 3439 reprehensiones;
626 3355 752 3437 omnia,
770 3375 857 3441 quae
873 3355 917 3422 ad
932 3354 1084 3422 diversos
1100 3352 1335 3420 scribebantur
1349 3351 1405 3420 vel
1421 3353 1463 3418 ad

239 3469 448 3538 Societatem
465 3471 653 3557 regundam
669 3472 881 3557 spectabant,
898 3468 1021 3556 ignatii
1041 3477 1167 3547 essent,
1192 3468 1235 3533 ab
1251 3486 1361 3551 eoque
1380 3488 1462 3552 pon·

238 3584 305 3649 dus
321 3594 355 3650 et
370 3584 604 3653 auctoritatem
622 3585 825 3672 acciperent.

307 3700 386 3783 Quo
401 3700 504 3765 fiebat
526 3712 575 3782 ut,
593 3701 621 3768 si
643 3702 778 3787 quando
800 3702 841 3767 ad
862 3723 915 3783 ea,
934 3720 1022 3786 quae
1042 3698 1136 3785 prius
1157 3721 1199 3766 ex
1220 3695 1461 3781 Urbe·scripta

238 3814 653 3901 fuerant,‚appellandum
674 3826 776 3896 esset,
799 3816 893 3882 nullo
920 3815 1021 3881 modo
1043 3816 1086 3881 ad
1107 3815 1257 3880 Polanco
1272 3821 1332 3878 aut
1347 3810 1458 3877 Frusii

237 3926 411 4013 epistolas,
429 3930 487 3997 sed
512 3932 554 3996 ad
579 3930 700 4017 Ignatii
724 3932 854 3999 litteras
877 3940 1131 4017 provocaretur,
1156 3926 1289 3995 tametsi
1310 3928 1376 3992 hae
1398 3938 1458 3992 aut

234 4042 411 4128 ignatiana
427 4044 674 4131 subscriptione
690 4057 855 4127 carerent,
875 4056 934 4112 aut
950 4066 992 4111 ex
1007 4046 1241 4110 cmnrissione
1256 4043 1356 4108 datae
1370 4041 1457 4107 fuis-

234 4169 323 4225 sent.
342 4160 426 4226 ltem
443 4180 605 4245 responsa
620 4182 751 4241 eorum,
769 4162 812 4227 ad
833 4162 925 4245 quod
945 4157 1139 4244 hujusmodi
1159 4180 1202 4222 ex
1222 4158 1456 4223 commissione

232 4270 395 4356 epistolae
412 4274 645 4355 mittebantur,
664 4297 733 4342 non
750 4277 912 4355 Polanco,
931 4274 1060 4355 aliisve,
1078 4273 1138 4357 qui
1152 4294 1211 4339 eas
1226 4271 1453 4357 scripsissent,
1518 4356 1521 4367 Ι

232 4387 295 4452 sed
307 4388 439 4473 ignatio
452 4388 523 4470 uni,
540 4400 657 4476 utpote
669 4412 785 4457 earum
799 4388 942 4470 auctori,
957 4388 1177 4457 rescribenda
1185 4398 1293 4455 erant.
1307 4387 1455 4471 Quando

231 4521 317 4566 vero
332 4503 374 4569 de
389 4501 463 4570 aliis
478 4505 593 4587 rebus,
611 4507 654 4572 ad
670 4528 707 4573 se
722 4505 864 4591 propius
886 4504 1132 4591 spectantibus,
1152 4504 1302 4570 Polanco
1325 4501 1455 4568 aliusve

231 4616 413 4700 scribebat,
448 4641 514 4685 non
547 4622 647 4687 modo
677 4622 877 4707 plerumque
907 4622 1024 4687 charta
1053 4628 1221 4705 separata,
1250 4636 1454 4701 semperque
