3625 5400
775 487 983 545 Mosuuanrr
1003 487 1180 543 lerenius

445 790 594 858 SOCIIS
618 791 664 856 IN
688 669 1026 860 LU81TAN1A²bb
1050 791 1174 858 ALIBI
1198 790 1495 860 DEGENTIBUS

397 975 408 992 ,
734 923 833 996 [aona
853 922 884 978 31
907 935 1064 979 ocromus
1086 923 1165 994 ¹547]
1188 927 1206 976 ¹.

354 1039 402 1094 De
410 1041 609 1096 admittendis
617 1040 652 1094 in
661 1040 849 1104 Societatem,
856 1041 1080 1112 probandisque
1089 1039 1143 1111 qui
1152 1039 1280 1095 admissi
1286 1039 1454 1112 furiale
1461 1039 1508 1094 De
1514 1045 1584 1112 pro

407 1130 549 1185 missione
560 1130 595 1183 in
607 1129 697 1184 illam
709 1129 916 1202 ingrediendi,
929 1147 965 1184 oc
976 1131 1013 1185 de
1026 1129 1162 1185 libertate
1175 1131 1209 1185 in
1225 1129 1410 1202 disponendo
1422 1129 1458 1184 da
1476 1145 1532 1182 sita
1551 1147 1585 1183 re

402 1217 576 1290 familiari.
921 1215 925 1226 '

405 1336 488 1417 ‚Del
503 1335 654 1402 admittit
669 1345 787 1422 gente,
800 1346 868 1402 etc.
887 1337 921 1402 A
934 1336 1098 1423 Porlugal
1112 1357 1135 1421 y
1147 1346 1239 1403 otras
1251 1336 1583 1422 partes-Scriuese

355 1457 375 1518 a
392 1453 558 1538 Portugal
571 1473 595 1536 y
610 1450 723 1518 varios
737 1460 830 1517 otros
846 1452 996 1538 lugares,
1014 1471 1081 1536 que
1097 1472 1141 1517 no
1157 1449 1315 1517 resciuan
1332 1461 1438 1536 gente
1452 1471 1583 1536 queno

356 1588 416 1635 sea
431 1577 511 1652 apta
522 1567 556 1633 al
569 1566 728 1633 instituto
738 1569 783 1636 de
796 1567 830 1634 la
842 1567 1042 1653 Compania,
1056 1589 1078 1652 y
1090 1571 1158 1651 que
1170 1588 1214 1632 no
1226 1566 1280 1632 los
1292 1567 1429 1652 ymbien
1443 1571 1516 1649 aea,
1530 1565 1581 1631 sin

355 1683 480 1749 darnos
495 1681 642 1768 primero
657 1682 753 1750 aviso
767 1683 857 1749 dello
877 1683 901 1746 ¹.

423 1784 628 1878 Asimesmo,
641 1819 709 1883 que
724 1799 777 1865 los
793 1797 958 1884 primeros
972 1797 1071 1864 cinco
1087 1803 1108 1864 ό
1123 1819 1202 1884 seys
1217 1815 1329 1865 meses
1344 1817 1382 1862 se
1398 1807 1526 1883 tengan
1538 1817 1582 1862 en

356 1913 584 1998 probationes,
598 1924 697 1982 antes
712 1935 779 1999 que
791 1913 988 1982 comienzen
1004 1919 1025 1980 a
1039 1911 1181 1994 studiat,
1195 1933 1239 1979 en
1255 1914 1307 1979 los
1322 1913 1441 1998 quales
1456 1912 1582 1981 attien-

355 2030 425 2095 dan
439 2035 461 2095 b
476 2028 708 2110 mortificasse,
725 2034 837 2116 segun
853 2029 903 2098 les
919 2029 1016 2097 fuere
1031 2030 1205 2098 ordenado
1221 2051 1283 2114 por
1297 2030 1330 2096 el
1345 2027 1512 2115 superior,
1538 2051 1582 2096 en

355 2142 480 2230 special
492 2166 535 2212 en
547 2144 656 2214 seruir
668 2145 865 2231 hospitales,
878 2147 982 2212 hazer
995 2142 1286 2231 peregrinationes
1297 2167 1321 2230 y
1332 2142 1463 2211 officios
1473 2144 1581 2210 baxos

356 2281 400 2329 en
416 2281 508 2343 casa,
525 2273 607 2342 etc.;
625 2284 647 2346 y
663 2262 790 2346 pasado
806 2270 879 2329 este
899 2261 1038 2346 fiempo,
1060 2281 1128 2344 que
1148 2260 1198 2327 les
1218 2261 1329 2326 dexen
1349 2257 1580 2344 quietamente

355 2375 497 2442 studiar.
836 2354 847 2376 ⁰
1543 2375 1545 2378 ’

421 2492 486 2560 Del
502 2494 604 2559 hazer
624 2504 734 2570 votos,
752 2501 818 2558 etc.
843 2494 875 2559 A
897 2491 1065 2577 Portugal
1087 2512 1110 2576 y
1130 2503 1222 2558 otras
1245 2493 1503 2577 partes—Este
1522 2491 1579 2555 dia

354 2629 392 2675 se
407 2606 520 2674 scriue
535 2628 614 2692 que,
633 2609 784 2673 acabado
799 2629 846 2673 vn
867 2616 946 2686 ano,
964 2607 1016 2672 los
1039 2626 1106 2692 que
1126 2605 1298 2690 quisieren
1314 2605 1445 2672 studiar
1460 2626 1503 2671 en
1520 2627 1579 2670 co-

306 2756 309 2762 »
353 2723 475 2810 llegios
490 2725 534 2790 de
549 2724 582 2790 la
597 2725 785 2809 Compania
801 2727 915 2811 hagan
931 2735 1012 2790 voto
1036 2725 1080 2791 de
1096 2745 1151 2791 ser
1169 2724 1271 2805 della,
1289 2722 1318 2789 si
1333 2724 1384 2790 los
1405 2722 1575 2802 resciuen,

353 2862 375 2925 y
392 2860 436 2904 no
451 2839 502 2907 les
517 2839 719 2908 eonsientan
739 2841 841 2906 hazer
857 2850 957 2906 votos
971 2840 1020 2907 de
1040 2840 1190 2925 pobreza
1209 2861 1232 2924 y
1253 2837 1417 2919 castidad3
1436 2859 1578 2924 porque,

285 3024 288 3027 ,
353 2953 382 3020 si
398 2976 443 3020 no
458 2955 510 3021 los
525 2965 681 3041 aceptan,
699 2956 834 3040 queden
850 2956 954 3023 libres
970 2954 1023 3022 sin
1038 2954 1159 3041 ynbiar
1174 2961 1194 3021 ἐι
1209 2955 1242 3021 la
1258 2952 1496 3040 penitentierla
1518 2976 1580 3039 por

353 3071 596 3140 absolutiones.
616 3072 752 3143 Pidibse
768 3078 949 3139 asimesmo
965 3094 1033 3157 que
1048 3071 1214 3157 ynbiasen
1229 3072 1263 3137 la
1273 3070 1376 3157 copia
1390 3072 1435 3145 de
1450 3071 1501 3137 los
1515 3092 1579 3136 vo-

352 3197 406 3253 tos
422 3187 466 3253 de
482 3188 578 3254 todas
598 3198 722 3273 partes.
1551 3250 1560 3269 ,

417 3304 470 3369 De
485 3302 795 3372 donationes-Se
810 3304 936 3371 scriuib
951 3314 1025 3371 este
1041 3303 1163 3370 mismo
1174 3304 1241 3384 dla,
1256 3322 1336 3388 que,
1349 3324 1393 3369 en
1409 3304 1460 3369 las
1471 3302 1579 3369 dona»

351 3416 464 3484 tiones
478 3419 522 3486 de
538 3420 591 3485 los
606 3440 673 3503 que
688 3430 809 3488 entran
825 3440 868 3485 en
884 3419 918 3485 la
933 3420 1136 3507 Compania
1154 3440 1192 3485 se
1212 3416 1336 3486 mirase
1355 3424 1427 3485 mas
1450 3428 1579 3503 quanto

351 3539 432 3600 ano
446 3534 507 3600 dar
523 3534 633 3620 priesa
650 3540 670 3600 a
685 3534 797 3615 nadie,
815 3556 838 3620 y
853 3536 1011 3604 dexarlos
1026 3535 1227 3603 libremente
1248 3536 1352 3601 hezer
1368 3536 1542 3601 conforme
1558 3540 1578 3600 a

349 3671 392 3716 su
407 3650 582 3719 deuotibn.

346 3818 491 3874 intentata
515 3818 598 3874 inere
620 3820 658 3873 ob
682 3828 824 3890 occupata
848 3818 985 3874 coenobii
1011 3818 1041 3873 S.
1069 3818 1176 3874 Felicis
1199 3821 1285 3874 bona.
1318 3818 1365 3875 Cf.
1389 3820 1574 3887 POLANCUS,

348 3906 472 3971 Chaon„
487 3908 511 3974 Ι,
526 3920 587 3963 211:
602 3908 652 3962 «P.
667 3907 824 3963 Martinam
838 3906 1101 3981 noluit[1gnatius]
1116 3908 1145 3963 in
1158 3906 1289 3980 professa
1301 3908 1387 3963 domo
1400 3917 1499 3973 nostra
1514 3926 1571 3962 ma·

347 4012 429 4067 nere,
442 3996 496 4051 sed
508 3997 584 4069 apud
597 4006 743 4052 oratorem
755 3996 847 4068 Regis
858 3995 1065 4067 Portugalliae‚
1079 3996 1237 4069 etquidem
1248 3998 1441 4053 saecularium
1453 3998 1575 4069 presby·

347 4092 477 4141 tororum
488 4100 568 4140 more
581 4085 725 4141 indutum.
737 4084 901 4141 Citationes
910 4084 989 4140 enirn
1000 4093 1030 4140 et
1040 4084 1097 4140 alia
1106 4085 1283 4157 hujusmodi,
1294 4103 1369 4159 quae
1380 4086 1576 4141 tractantibus

349 4176 470 4245 negotia
481 4174 641 4230 saecularia
652 4176 723 4230 satis
733 4174 887 4229 familiaria
896 4190 963 4229 esse
974 4176 1079 4245 solent,
1090 4174 1279 4231 existimabat
1288 4174 1405 4230 domum
1415 4174 1575 4248 professam

349 4281 408 4320 non
420 4264 556 4320 decere.»

402 4356 409 4385 ¹
447 4356 492 4409 Ex
504 4354 606 4409 codice
619 4354 737 4428 Regest.
753 4354 779 4419 l,
793 4353 844 4409 fol.
860 4352 940 4425 113r,
956 4370 1043 4408 manu
1057 4353 1090 4408 P.
1110 4352 1239 4409 Polanci.
1260 4354 1294 4408 ln
1313 4354 1457 4425 superiori
1475 4356 1575 4409 charta

345 4446 449 4499 titulus
462 4443 571 4515 primae
584 4444 675 4516 partis
688 4443 809 4499 secundi
823 4442 890 4498 libri
910 4442 1056 4515 scribitur,
1072 4460 1160 4515 quem
1173 4442 1291 4498 titulum
1309 4444 1401 4499 babes
1415 4460 1510 4515 supra,
1527 4460 1576 4515 pa-

346 4535 417 4605 gina
430 4532 474 4588 28.

398 4628 409 4655 ²
446 4620 556 4676 Confer
572 4639 647 4693 quae
659 4620 797 4676 dicuntur
808 4618 845 4675 ad
860 4622 956 4676 socios
976 4622 1216 4692 barcinonenses,
1236 4620 1361 4694 epistola
1379 4619 1412 4677 31
1434 4620 1587 4680 Octobris.

346 4711 468 4781 hujusce
482 4710 550 4765 anni
566 4722 645 4779 1547.
