3625 5400
374 457 429 526 248
751 455 958 511 1101111111
977 455 1152 511 loannem

338 611 504 677 conserva
518 618 652 678 en‘esta
672 628 762 675 casa.
785 604 819 674 Y
836 624 900 694 por
919 607 1048 674 verdad
1069 608 1103 674 lo
1123 608 1220 674 firme
1236 627 1280 675 en
1300 609 1365 674 ella
1386 625 1428 674 en
1457 625 1494 675 12
1519 609 1563 676 de

339 727 452 812 septe
467 725 511 792 ae
532 725 628 812 1690.

994 811 1124 932 Fidae
1148 885 1195 932 1111
1219 867 1381 934 Mamur.

926 1003 977 1084 62

584 1134 899 1203 SOCIETATIS
925 1135 1052 1221 JESU
1081 1135 1319 1204 ALUMNIS

656 1279 744 1322 110111
763 1266 895 1337 [urano
918 1264 1114 1335 1543-Juu10
1136 1267 1215 1338 1544]
1227 1267 1247 1320 ¹.

338 1383 384 1438 De
396 1385 484 1438 domo
495 1383 787 1451 catechumenorum,
801 1383 837 1436 de
849 1382 984 1436 hebraeis
996 1382 1037 1436 ad
1053 1379 1208 1437 Christum
1227 1383 1385 1450 conuersis,
1405 1388 1433 1439 et
1445 1385 1568 1440 lavam
1657 1433 1659 1436 .

390 1471 631 1544 regenerationis
643 1469 850 1526 ablutis—De
867 1473 956 1525 domo
975 1469 1055 1526 Stae.
1070 1471 1220 1535 Marthae,
1238 1471 1380 1544 feminis,
1399 1474 1440 1527 ad
1461 1473 1567 1527 bonam

384 1561 516 1635 frugem
525 1561 684 1633 revocatis,
691 1560 935 1633 perfugio-De
947 1559 1042 1613 Pauli
1051 1559 1104 1614 Ill
1109 1559 1285 1631 diplomate:
1295 1560 1461 1632 Injunctum
1473 1560 1565 1632 nobis,

390 1665 427 1719 14
448 1649 559 1704 Martii
575 1649 743 1719 1543.-De
763 1650 938 1704 candidatis
961 1648 1137 1704 Societatem
1158 1649 1369 1722 cogitantibus,
1392 1650 1474 1706 inter
1494 1667 1566 1721 quos

393 1738 566 1795 Gulielmus
583 1739 733 1793 Postellus
750 1737 1015 1793 recensetum-De
1032 1739 1254 1804 coenobiarcha,
1268 1739 1567 1794 commentationibus

389 1828 562 1902 ignatianis
570 1827 697 1882 exculto.
707 1826 781 1880 -De
791 1827 974 1882 monasterio
985 1828 1116 1896 quodam
1129 1843 1149 1880 a
1160 1827 1197 1880 P.
1209 1827 1318 1880 Broito
1331 1829 1372 1881 ad
1385 1829 1565 1883 sanctiorem

390 1917 585 1989 disciplinam
605 1915 821 1971 redacta-De
832 1932 963 1970 romano
979 1915 1187 1986 professorum
1205 1916 1293 1970 domo
1312 1916 1346 1969 iu
1363 1916 1436 1982 dies,
1450 1917 1568 1972 collatis

391 2006 592 2077 eleemosynis,
611 2010 800 2078 assurgente.

408 2119 431 2203 's
455 2118 506 2182 La
527 2113 644 2201 gracia
663 2135 686 2198 y
705 2135 768 2199 paz
789 2114 833 2179 de
858 2115 955 2199 Xpo.
980 2115 1023 2180 N.
1051 2113 1087 2181 S.
1111 2133 1170 2180 sea
1197 2113 1342 2199 siempre
1363 2133 1407 2182 en
1428 2123 1568 2182 nuestro

342 2231 506 2298 continuo
523 2231 621 2296 fauor
636 2251 660 2314 y
675 2229 798 2313 ayuda.

407 2348 449 2413 El
461 2368 534 2413 mes
550 2346 594 2411 de
606 2346 755 2410 Febrero
771 2345 927 2429 passado,
946 2344 1082 2430 segund
1098 2343 1128 2412 el
1145 2344 1252 2411 orden
1268 2345 1357 2410 dado
1378 2365 1441 2430 por
1461 2345 1504 2411 N.
1527 2347 1566 2410 P.

397 2545 404 2574 ¹
442 2542 486 2595 Ex
508 2541 578 2594 Var.
593 2541 723 2604 Hister„
734 2544 756 2593 t.
774 2539 809 2604 i.,
824 2556 925 2611 apogr.
950 2553 961 2593 1
982 2539 1046 2612 iol,
1065 2557 1094 2594 n.
1113 2540 1158 2608 65.
1173 2541 1241 2610 Quo
1261 2549 1391 2612 tempore
1405 2541 1514 2612 scripta
1530 2541 1570 2594 sit

344 2629 479 2701 epistola,
502 2628 645 2682 nonsatis
659 2637 783 2683 constat.
798 2627 935 2683 Editores
955 2629 1141 2684 matritenses
1164 2628 1369 2684 existimarunt
1389 2629 1490 2684 adulto
1508 2629 1569 2701 jam

341 2736 418 2773 anno
431 2716 499 2788 1543
512 2717 650 2788 scriptam
663 2735 739 2772 esse.
755 2719 842 2773 «Estt
855 2718 979 2785 original
993 2736 1030 2773 en
1045 2720 1072 2773 la
1085 2708 1226 2773 Historia
1240 2720 1341 2783 vario,
1354 2722 1421 2790 pig.
1440 2719 1484 2791 65,
1499 2736 1520 2789 y
1533 2734 1571 2774 no

342 2809 422 2862 tiene
435 2806 520 2861 techa
533 2806 564 2860 ni
574 2806 667 2879 firma3
682 2807 813 2879 pero-del
824 2807 983 2863 contenido
996 2824 1029 2862 se
1046 2806 1143 2877 colige
1159 2808 1285 2863 haberse
1302 2807 1410 2863 escrito
1423 2806 1461 2863 de
1480 2806 1571 2865 orden

341 2897 379 2951 de
393 2896 584 2966 Sanlgnacio
597 2896 681 2950 hacia
694 2895 843 2950 mediados
856 2896 1004 2966 de1543.»
1018 2895 1136 2964 Cartas,
1150 2898 1175 2966 1,
1191 2895 1252 2965 168,
1262 2904 1362 2951 annot.
1380 2910 1403 2951 1.
1419 2898 1497 2952 Huic
1506 2914 1571 2953 sen·

342 2986 453 3041 tentiae
472 2986 570 3056 plures
583 2983 731 3039 adversati
743 2994 822 3039 sunt:
837 2986 935 3053 ΡΗΑΤ,
950 2984 1110 3040 Mimoires
1119 2990 1200 3057 pour
1211 2986 1311 3039 servir
1323 2990 1343 3039 d
1355 2986 1376 3039 l’
1395 2987 1518 3041 histoire
1529 2987 1572 3041 du

342 3077 379 3129 P.
395 3076 497 3137 Broet,
512 3088 579 3144 pag.
594 3072 656 3141 5623
674 3072 818 3127 cartas...
841 3075 890 3128 del
907 3074 976 3129 Bto.
997 3074 1104 3137 Fabro,
1119 3074 1143 3143 I,
1158 3072 1218 3144 239,
1234 3082 1334 3128 annot.
1351 3086 1376 3141 13
1390 3075 1572 3143 POLANGUS,

344 3163 468 3227 Cicron,
487 3164 511 3231 1,
533 3161 591 3230 128,
612 3170 711 3217 annot.
734 3176 759 3231 13
779 3164 905 3218 Tacent
925 3164 1081 3232 Veretum,
1104 3162 1143 3217 Le
1159 3180 1225 3217 cose
1242 3164 1353 3217 abitate
1370 3164 1404 3217 in
1420 3164 1517 3217 Roma
1532 3163 1573 3217 da

331 3254 379 3308 'S.
396 3254 523 3324 Ignazio
536 3253 569 3305 di
584 3250 697 3318 Loiola‚
713 3268 784 3323 pag.
802 3251 846 3322 32,
861 3262 962 3307 annot.
979 3264 1007 3305 1.
1022 3252 1115 3306 Nobis
1126 3267 1196 3306 vero
1206 3254 1279 3306 haec
1289 3260 1357 3307 sunt
1367 3251 1572 3322 probabiliora:

347 3354 371 3393 1.
386 3340 527 3410 Epistola,
540 3338 577 3392 de
590 3356 647 3411 qua
665 3340 788 3409 agimus,
808 3357 866 3395 non
879 3348 926 3394 est
939 3338 1099 3410 originalis,
1115 3340 1168 3394 sed
1181 3341 1378 3411 apographum
1392 3341 1571 3411 exemplum,

344 3427 478 3501 quamvis
491 3429 653 3500 antiquum3
668 3428 699 3483 in
711 3446 769 3500 quo
782 3437 862 3483 certe
875 3429 993 3500 decepti
1007 3438 1076 3484 sunt
1093 3428 1221 3484 editores
1236 3430 1433 3497 matritenseS,
1451 3430 1501 3501 qui
1519 3428 1573 3483 ori-

344 3518 474 3589 ginalem
487 3518 641 3588 epistolam
654 3525 806 3588 putarunt.
824 3532 851 3572 2.
866 3519 930 3573 Hoc
944 3520 1112 3589 exemplum
1126 3518 1332 3572 concinnatum
1348 3526 1444 3572 estex
1458 3516 1574 3573 duabus

345 3612 449 3663 saltem
475 3607 608 3678 epistolis
629 3607 767 3675 romanis,
790 3626 913 3679 quarum
937 3609 1030 3679 prima
1055 3607 1173 3680 quidem
1197 3624 1245 3661 res
1271 3614 1440 3678 spectantes
1465 3606 1502 3661 ad
1526 3624 1575 3663 an·

346 3715 416 3751 num
431 3696 508 3767 1543,
524 3698 616 3751 altera
630 3714 700 3751 vero
713 3697 855 3767 quaedam
868 3698 938 3752 anni
955 3710 1023 3767 1544
1033 3692 1296 3769 complectebatur.
1311 3697 1409 3769 Atque
1427 3697 1495 3750 hinc
1508 3704 1576 3751 nata

345 3794 391 3840 est
401 3785 745 3857 opinionumdiversitas,
755 3802 855 3841 eorum
867 3803 982 3857 nempe,
995 3786 1045 3859 qui
1057 3803 1143 3840 unam
1154 3785 1307 3840 dumtaxat
1317 3785 1459 3857 epistolae
1470 3783 1576 3856 (qualis

345 3892 423 3929 nunc
436 3877 493 3944 est)
507 3884 629 3946 partem,
645 3891 704 3928 non
717 3875 862 3945 integram
872 3875 1143 3931 consideraverunt.
1156 3874 1190 3929 In
1199 3875 1294 3946 prima
1304 3874 1381 3930 enim
1396 3884 1478 3947 parte
1489 3873 1578 3943 (inter

345 3966 413 4034 alia)
426 3964 536 4019 factum
549 3981 601 4036 pro
614 3964 764 4020 Societate
777 3965 891 4019 illustre
903 3965 1063 4035 nuntiatur,
1080 3973 1110 4019 et
1121 3963 1240 4036 quidem
1250 3964 1360 4019 factum
1371 3980 1483 4037 recens,
1499 3962 1578 4035 quod

346 4054 449 4108 eadem
462 4053 656 4123 hebdomada,
669 4071 726 4125 qua
736 4054 861 4125 epistola
873 4054 1069 4124 scribebatur,
1083 4052 1219 4123 contigit:
1235 4053 1283 4108 «S.
1299 4053 1330 4107 S.
1345 4055 1382 4107 ha
1395 4052 1540 4125 ampliado
1550 4054 1577 4106 el

345 4147 468 4197 numero
482 4143 519 4196 de
533 4144 560 4197 la
573 4142 744 4213 Compabya
757 4156 877 4197 nuestra
890 4151 954 4197 esta
968 4160 1097 4214 semana3
1116 4158 1174 4214 que
1192 4142 1288 4197 donde
1307 4152 1391 4197 antes
1409 4160 1447 4197 en
1465 4143 1493 4196 la
1510 4157 1578 4195 con·

346 4230 462 4285 cessibn
473 4231 510 4284 de
523 4233 551 4285 la
563 4232 649 4285 bulla·
656 4246 706 4285 era
718 4231 897 4300 restringido
911 4232 938 4285 el
953 4235 1075 4285 numero
1086 4230 1123 4285 de
1134 4229 1179 4299 bo,
1192 4246 1260 4284 eora
1272 4247 1304 4285 es
1316 4228 1557 4285 indeterminado.
1564 4244 1578 4279 11

347 4321 413 4389 Jarn
427 4336 497 4373 vero
510 4321 583 4374 haec
595 4316 754 4374 Societatis
771 4319 965 4391 confirmatio,
985 4320 1065 4375 nullo
1084 4318 1212 4391 praefixo
1230 4336 1352 4373 numero
1370 4318 1578 4391 professorum,

346 4408 424 4462 iacta
435 4416 480 4461 est
491 4406 583 4477 pridie
594 4407 660 4462 idus
666 4406 763 4461 Martii
776 4406 853 4477 1543,
862 4418 951 4481 atque
961 4409 997 4463 de
1009 4426 1043 4463 ea
1053 4408 1090 4463 ad
1100 4425 1209 4463 annum
1218 4406 1286 4476 1543
1297 4420 1388 4478 agunt
1397 4408 1579 4475 POLANCUS,

349 4496 473 4568 Ceron„
488 4498 511 4562 1,
531 4508 596 4567 ¹1⁰3
616 4495 837 4568 Omanorum,
855 4500 906 4565 IV,
928 4512 959 4571 23
980 4498 1210 4567 Rreaueunmn,
1233 4496 1300 4550 Vita
1314 4498 1432 4571 Ignatii
1448 4495 1578 4563 Loiolae,

347 4586 399 4640 lib.
415 4586 467 4651 III,
481 4602 545 4656 cap.
560 4598 588 4655 7,
601 4586 720 4657 aliique.
735 4586 769 4639 In
779 4587 834 4641 hoc
844 4587 935 4656 igitur
944 4587 1053 4641 factum
1067 4587 1184 4658 aliaque
1196 4584 1265 4655 1543
1278 4587 1371 4653 magis
1385 4592 1454 4640 nota
1463 4585 1580 4640 intuen-

349 4682 395 4727 tes
408 4673 550 4745 epistolae
564 4674 704 4743 editores,
722 4682 888 4731 statuerunt
906 4676 1006 4731 abacia
1026 4675 1176 4730 mediados
1193 4674 1230 4729 de
1253 4674 1337 4743 15431
1357 4674 1495 4746 scriptam
1516 4676 1581 4727 eim
