3625 5400
617 478 722 534 Ensr.
743 490 878 551 zap-22
898 477 1085 534 Novuunms
1106 487 1175 545 1547
1416 477 1469 547 645

281 652 333 713 re,
353 640 388 699 et
404 628 524 696 salutis
539 651 580 697 ac
595 629 666 699 vite
682 608 775 699 fonte
785 633 882 720 Jesu,
899 629 937 696 in
952 650 1021 717 quo
1035 627 1249 709 confidimus,
1266 628 1359 713 quod
1379 628 1440 695 tibi
1460 632 1506 696 ad

279 744 387 831 ipsius
407 747 583 826 honorem,
607 758 643 813 et
664 743 1107 825 sratrumconsolationem,
1125 754 1160 812 et
1180 743 1403 830 plurimarum
1424 766 1504 831 pro-

279 863 407 930 fectum
423 860 624 942 animarum,
643 871 775 929 tantum
791 859 946 929 sanitatis
958 881 999 927 ac
1011 859 1135 926 virium
1151 858 1320 940 restituet,
1338 871 1503 945 quantum

272 996 366 1062 opus
380 976 437 1058 sit,
455 986 490 1043 et
506 986 541 1045 te
555 998 625 1043 non
640 978 764 1045 debeat
784 975 948 1063 penitere.
967 976 1157 1044 Consulere
1177 984 1212 1041 te
1233 984 1345 1042 tamen
1366 988 1503 1062 oporte-

279 1091 328 1157 bit
344 1102 403 1160 tue
420 1091 606 1159 valetudini
621 1102 787 1177 quantum
803 1091 877 1161 fieri
896 1090 1016 1178 possit,
1034 1112 1076 1157 ac
1091 1089 1233 1178 proinde
1247 1091 1342 1158 labor
1361 1102 1446 1168 ,tuus
1465 1090 1502 1157 in

278 1206 365 1275 alios
384 1205 589 1275 diuidendus
609 1207 756 1289 videtur,
779 1227 924 1293 quorum
945 1217 980 1272 te
998 1227 1103 1293 opera
1123 1215 1159 1279 et
1184 1206 1312 1283 labore,
1339 1228 1382 1274 ex
1405 1215 1502 1292 parte

278 1321 415 1406 quidem
432 1332 537 1403 certe,
560 1343 725 1391 exoneres
741 1343 780 1388 ac
796 1320 970 1391 subleues.
992 1320 1107 1407 Deligi
1126 1330 1241 1389 autem
1262 1342 1283 1387 a
1305 1330 1340 1389 te
1360 1330 1501 1407 possent

276 1442 388 1523 (prout
403 1436 439 1503 in
454 1437 602 1504 Domino
622 1436 780 1525 expedire
801 1435 1133 1522 censeres),·quibus
1154 1436 1268 1503 oneris
1292 1434 1341 1501 tui
1368 1444 1499 1521 partem

278 1553 481 1638 imponeres:
500 1553 618 1639 quain
637 1576 675 1622 re
694 1574 757 1621 suo
778 1552 879 1621 etiam
899 1550 1042 1619 consilio
1062 1552 1168 1619 Rdus.
1193 1553 1287 1638 Mag.
1311 1550 1463 1619 Didacus
1487 1554 1499 1587 ⁸

278 1680 312 1736 te
328 1669 492 1737 adiuuare
511 1679 637 1755 posset.

343 1785 446 1869 Quod
461 1785 505 1853 de
519 1786 563 1851 D.
583 1783 735 1852 Antonio
751 1783 927 1852 Criminali
943 1786 955 1819 ⁰
971 1791 1007 1851 et
1021 1785 1067 1853 D.
1080 1786 1213 1871 Joanne
1228 1783 1272 1848 de
1284 1784 1375 1851 Vera
1389 1783 1489 1849 'scri-

276 1897 341 1981 bis,
359 1897 501 1984 aliisque
516 1898 688 1980 tratribus,
706 1899 765 1984 qui
784 1899 897 1966 isthuc
917 1897 1111 1985 nuperrime
1130 1909 1372 1984 peruenerunt,
1394 1896 1497 1965 intel·
1523 1982 1531 1997 .

277 2012 421 2081 leximus
440 2016 466 2083 ⁸.
489 2016 629 2101 Augeat
647 2016 743 2082 Deus
766 2016 820 2103 (ad
843 2014 942 2081 cuius
964 2012 1108 2101 gloriam
1134 2012 1261 2098 vbique
1282 2011 1439 2099 gentium
1462 2023 1498 2083 et

275 2138 441 2195 terrarum
457 2130 664 2213 querendam
680 2150 720 2195 ac
737 2128 992 2216 propagandam
1009 2150 1072 2196 nos
1087 2140 1177 2195 totos
1192 2126 1341 2214 impendi
1356 2149 1418 2213 par
1432 2128 1496 2215 est)

274 2244 310 2309 in
324 2244 481 2311 omnibus
497 2246 664 2311 donorum
680 2266 820 2312 suorum
837 2243 975 2311 diuitias
989 2264 1030 2312 ac
1044 2242 1237 2331 spirituales
1249 2244 1442 2327 thesauros,
1460 2253 1497 2310 vt

274 2358 394 2445 primo,
412 2358 502 2426 vitae
517 2360 686 2447 exemplo,
704 2359 838 2443 deinde,
852 2370 953 2447 prout
968 2358 1099 2427 diuidet
1113 2358 1238 2444 cuique
1252 2357 1401 2444 Spiritus
1415 2378 1497 2426 san-

274 2483 363 2555 ctus,
391 2476 447 2543 vel
466 2474 696 2562 predicatione
716 2476 772 2544 vel
793 2475 867 2543 aliis
889 2474 1010 2543 salutis
1036 2472 1282 2553 instrumentis
1307 2473 1495 2541 animarum

272 2599 396 2657 vacent
422 2589 569 2658 vtilitati.
600 2590 667 2658 Hic
695 2602 808 2657 tamen
836 2589 988 2657 occurrit
1007 2587 1091 2657 mihi
1116 2589 1298 2675 scrupulus
1318 2588 1374 2656 ille
1400 2599 1493 2671 tuus,

273 2727 374 2790 quern
389 2705 506 2775 iniecit
521 2708 613 2774 bulla
628 2707 683 2776 vel
698 2707 846 2794 diploma
861 2703 1090 2793 pontificisad
1105 2727 1168 2772 vos
1190 2703 1438 2787 transmissum,
1460 2714 1497 2773 et

267 2820 374 2886 eximi
389 2843 536 2906 aequum
551 2835 616 2903 est,
633 2823 726 2908 quod
741 2821 899 2888 nimirum
916 2820 1025 2902 vobis,
1043 2819 1102 2906 qui
1118 2819 1362 2909 professionem
1377 2819 1414 2887 in
1429 2822 1496 2888 hac

266 2935 443 3005 Societate
458 2957 527 3003 non
547 2937 735 3018 emissistis,
754 2936 884 3024 gratiae
903 2933 1053 3024 su[m]mi
1073 2935 1246 3022 pontificis
1266 2934 1496 3003 communica·

271 3061 326 3118 tae
337 3073 407 3118 non
419 3051 610 3121 videantur.
625 3055 798 3138 Quattuor
809 3073 895 3139 ergo
907 3050 1160 3119 animaduertes
1175 3050 1289 3132 velim,
1303 3061 1340 3116 vt
1352 3060 1388 3118 et
1398 3072 1495 3137 prae·

267 3166 430 3235 cedentes
447 3167 633 3253 praecidas,
651 3178 687 3236 et
701 3177 880 3235 secuturos
895 3167 1058 3258 excludas
1072 3165 1263 3251 scrupulos.

337 3280 488 3348 Primum
514 3293 578 3364 est,
609 3285 701 3368 quod
728 3293 862 3370 praeter
887 3281 1021 3348 indulta
1043 3278 1168 3348 summi
1194 3279 1375 3366 pontificis,
1405 3300 1493 3366 quae

269 3394 406 3480 quidem
422 3418 483 3484 per
497 3397 626 3464 bullam
643 3399 697 3464 vel
712 3400 817 3465 breue
833 3395 992 3484 expedita
1007 3395 1134 3479 vidisti,
1152 3406 1187 3464 et
1201 3394 1363 3481 professis
1376 3393 1414 3460 in
1429 3396 1494 3462 hac

264 3510 441 3580 Societate
455 3513 648 3580 'condonata
663 3515 688 3594 ⁹,
703 3513 768 3580 alia
780 3512 960 3599 quaedam,
974 3521 1010 3578 et
1021 3533 1065 3580 ex
1076 3510 1204 3580 eisdem
1217 3509 1394 3590 nonnulla,
1407 3528 1491 3575 con-

263 3645 363 3694 cessa
390 3637 471 3694 sunt
498 3626 576 3695 viue
596 3627 690 3695 vocis
710 3629 848 3695 oraculo
871 3649 891 3694 a
911 3647 1051 3703 summo,
1074 3623 1352 3716 pontifice·Patri
1375 3632 1493 3692 nostro

266 3742 358 3807 Dno.
379 3741 525 3828 Ignati0,
550 3753 586 3809 et
605 3753 644 3808 vt
665 3764 705 3810 ea
725 3742 934 3828 quibuslibet
956 3740 1202 3809 adherentibus
1225 3737 1306 3805 huic
1328 3737 1492 3808 Societati

263 3875 344 3922 cum
361 3867 442 3924 voto
458 3858 622 3926 castitatis
638 3869 673 3926 et
688 3857 911 3946 paupertatis,
928 3878 969 3925 ac
984 3855 1158 3943 proposito
1174 3855 1351 3922 intrandae
1371 3853 1490 3923 Socie-

318 4061 329 4093 ³
365 4059 495 4118 Didncus
507 4061 545 4118 de
558 4064 663 4132 Borba,
678 4063 762 4136 cujus
780 4062 914 4118 meminit
927 4062 1107 4128 ΡοιΑκσυε,
1124 4058 1287 4130 Chron.,1,
1303 4058 1363 4129 164,
1380 4057 1441 4128 1653
1453 4075 1490 4114 ac

261 4163 351 4220 saepe
365 4149 562 4207 Monumenta
574 4153 764 4218 Xovariana,
779 4153 804 4224 1,
816 4165 863 4222 42,
876 4149 922 4222 53,
936 4149 998 4222 264,
1012 4147 1077 4220 352,
1089 4147 1153 4219 395.

316 4237 329 4270 ⁸
365 4237 440 4294 Vide
455 4239 609 4312 epistolam
627 4253 689 4310 225.

316 4329 326 4360 ²
363 4327 485 4384 Rectius
497 4328 587 4386 scribi
598 4332 674 4386 solet
686 4331 815 4402 Joannes
828 4327 865 4384 de
878 4328 975 4384 Beira.
989 4328 1036 4382 De
1048 4342 1085 4382 eo
1097 4333 1189 4397 agunt
1201 4325 1300 4399 Epist.
1319 4323 1445 4390 irtam,
1462 4324 1486 4392 1,

265 4425 327 4485 Ι95,
345 4427 405 4486 Ῑ99·

273 4539 275 4546 -
314 4505 326 4538 ⁸
363 4503 409 4560 Cf.
424 4505 777 4579 Epist.ll{ixtae,1,264,
792 4506 856 4578 265,
869 4506 922 4562 ubi
933 4505 1051 4562 nomina
1063 4510 1256 4560 recensentur
1272 4518 1385 4574 eorum,
1401 4502 1452 4580 qui
1468 4500 1487 4556 8

261 4591 372 4664 Aprilis
387 4595 454 4664 1546
468 4612 484 4650 e
497 4595 677 4668 Portugallia
690 4597 720 4653 in
733 4595 845 4653 Indiam
859 4593 1046 4668 trajecerunt.

312 4681 326 4718 ⁹
362 4682 439 4738 Vide
451 4699 550 4758 supra,
564 4685 703 4758 epistolas
719 4697 844 4768 125-i27.
