3625 5400
812 494 1019 550 Mosunnmr
1038 494 1215 550 Issarmns

983 651 1046 730 1911

633 781 791 847 PATRI
825 767 1084 848 MlCHAliLI
1119 783 1396 851 TURRIANO

681 915 769 959 noua
789 917 938 960 aucusro
957 917 1023 961 rur
1041 917 1218 960 snrrnunru
1239 918 1307 976 1547
1328 910 1348 961 ¹.
1417 920 1420 928 ·

436 1020 576 1093 Ignalius
589 1020 716 1075 Patrem
733 1021 935 1085 Turdorum,
950 1021 1043 1076 initia
1055 1021 1177 1095 collegii
1182 1023 1357 1094 facturum,
1370 1023 1590 1079 Salmanticam

882 1110 969 1182 jubet
978 1110 1140 1183 proficisci.

469 1225 509 1290 El
525 1226 694 1294 Cardenal
714 1228 793 1293 Don
814 1227 999 1322 Francisco
1021 1228 1065 1294 de
1086 1229 1253 1296 Mendoza
1273 1249 1327 1295 rne
1347 1226 1425 1314 pide
1446 1230 1556 1326 emble
1576 1230 1632 1294 al-

403 1362 516 1428 gunos
532 1342 574 1409 de
591 1342 642 1407 los
657 1343 827 1410 Nuestros
842 1349 862 1409 a
879 1344 1002 1409 fundar
1018 1365 1064 1409 vn
1085 1343 1240 1430 Collegio
1263 1366 1307 1411 en
1327 1344 1537 1424 salamanca,
1559 1363 1634 1428 que

402 1456 434 1523 el
450 1456 568 1540 quIere
583 1457 692 1522 dotar.
712 1459 766 1524 No
782 1469 889 1544 tengo
905 1465 925 1524 a
941 1459 1046 1543 quien
1062 1460 1289 1527 encomendar
1304 1471 1389 1540 esto,
1404 1459 1480 1526 sino
1492 1439 1566 1525 aV.
1583 1461 1627 1526 R.

403 1594 425 1657 y
442 1576 510 1639 assi
526 1573 633 1658 podra
650 1583 760 1640 tomar
774 1595 855 1656 vn0,
877 1581 899 1641 0
920 1575 983 1640 dos
1004 1576 1240 1660 Companeros
1259 1575 1304 1644 de
1323 1576 1374 1641 los
1396 1597 1462 1660 que
1485 1597 1528 1642 en
1552 1595 1632 1642 esse

404 1687 562 1774 Collegio
577 1690 621 1754 de
635 1689 757 1756 Alcala
772 1696 882 1771 estan,
901 1713 923 1776 y
939 1690 1007 1756 irse
1027 1712 1092 1756 con
1112 1691 1196 1758 ellos
1216 1696 1236 1757 a
1256 1691 1457 1760 salamanca
1478 1712 1538 1776 por
1559 1692 1631 1759 Su-

403 1803 516 1889 perior
532 1805 555 1870 ¹.

714 2063 915 2130 perro
950 2064 1322 2149 MARQmNAn

776 2189 864 2234 noua
874 2190 956 2233 rosr
965 2191 1138 2235 auousrmr
1152 2190 1218 2248 1547
1229 2179 1250 2234 ¹.

403 2286 540 2362 nemora
552 2261 780 2363 officiosa-De
792 2294 1158 2366 mammantes-oe
1175 2295 1282 2350 amica
1298 2295 1412 2350 nomae
1428 2293 1630 2350 versantibus.

454 2379 501 2434 De
512 2381 586 2435 aliis
597 2383 727 2455 negotiis
732 2380 804 2453 jam
816 2383 1081 2456 compositas-De
1093 2383 1226 2438 dominis
1240 2385 1385 2457 Quiroga.
1394 2387 1423 2438 et
1437 2382 1572 2438 Callisto.

398 2539 402 2545 ι
469 2497 588 2563 Recibl
606 2519 672 2564 vna
687 2500 731 2568 de
747 2501 792 2568 V.
810 2499 879 2574 md.
897 2502 983 2567 echa
998 2522 1042 2566 en
1058 2499 1247 2584 Florencia,
1266 2523 1288 2584 y
1306 2510 1379 2566 otra
1394 2501 1439 2568 de
1454 2501 1506 2565 los
1526 2518 1564 2580 14
1584 2501 1630 2566 de

384 2594 502 2695 ¹Junio
519 2615 604 2679 echa
620 2633 664 2680 en
681 2614 880 2698 Barcelona,
898 2637 922 2700 y
937 2593 1011 2682 otra
1027 2617 1136 2682 delos
1153 2633 1195 2699 27
1211 2615 1268 2682 del
1284 2615 1404 2682 mismo
1420 2637 1494 2681 mes
1510 2615 1627 2703 deJu-

403 2724 462 2791 nio
478 2730 563 2795 echa
579 2750 623 2795 en
639 2730 820 2818 Caragoca
835 2730 860 2796 ².
882 2732 957 2798 Con
980 2733 1076 2797 todas
1097 2732 1179 2799 ellas
1200 2752 1263 2797 nos
1283 2752 1377 2799 emos
1397 2732 1531 2817 gozado
1551 2752 1627 2795 mu—

402 2929 524 3001 epistola
536 2944 585 3001 195
595 2942 710 2989 constat
720 2935 789 2991 illuc
799 2934 907 2991 adiisse
919 2944 984 2991 octo
995 2943 1045 2991 aut
1055 2934 1158 2991 decern
1168 2934 1232 2990 dies
1243 2944 1311 2991 ante
1322 2949 1338 2991 2
1351 2935 1546 3008 Septembris:
1557 2950 1627 3006 quo·

401 3018 498 3075 minus
511 3038 582 3076 vero
595 3033 662 3094 post
673 3041 805 3080 mensem
823 3024 1028 3096 Septembrem
1041 3024 1200 3094 rejiciatur,
1214 3026 1332 3081 obstare
1345 3024 1463 3079 videtur
1477 3020 1625 3093 schedula,

402 3124 478 3180 quae
490 3110 624 3181 proxime
636 3111 779 3184 sequitur.
793 3113 865 3167 Eam
878 3112 947 3167 vide
960 3122 990 3167 et
1004 3113 1157 3185 epIstolam
1171 3110 1234 3169 223.

457 3202 465 3231 ¹
502 3200 547 3253 Ex
560 3200 723 3273 ALCAZAR,
738 3202 953 3266 Chresto-hisi„
972 3201 1036 3256 dec.
1051 3202 1073 3271 1,
1094 3206 1151 3257 aiio
1163 3202 1243 3269 VIII,
1256 3218 1322 3273 cap.
1344 3202 1381 3269 ΙΙ,
1404 3201 1422 3271 ξ
1445 3199 1626 3268 l.-Carlas,

402 3304 431 3341 n.
446 3286 583 3345 CXVIII.

454 3380 466 3410 ²
503 3377 568 3432 Etsi
584 3380 657 3433 haec
674 3379 814 3436 schedula
831 3380 982 3435 notatione
999 3380 1118 3452 quidem
1137 3380 1277 3451 temporis
1294 3388 1402 3447 careat,
1417 3378 1519 3433 sedem
1535 3387 1630 3433 tamen

404 3464 500 3519 eidem
514 3465 591 3520 inter
602 3467 741 3538 epistolas
760 3468 870 3524 mensis
889 3468 1017 3539 Augusti
1036 3476 1066 3523 et
1083 3466 1266 3539 Septembris
1283 3468 1483 3539 attribuimus,
1502 3476 1630 3539 propter·

403 3570 438 3607 ea
450 3553 529 3625 quod
544 3567 577 3624 19
595 3555 771 3613 Novembris
788 3557 875 3629 hujus
892 3559 961 3613 anni
977 3570 1044 3627 1547
1062 3556 1205 3613 Turriano
1219 3558 1351 3628 [gratiis
1370 3556 1497 3629 scripsit:
1518 3556 1632 3611 «Haurll

405 3643 435 3697 al
445 3642 494 3714 pie
506 3642 544 3698 de
558 3650 618 3698 tres
631 3662 728 3700 meses
740 3663 798 3719 que
811 3647 839 3702 le
852 3647 970 3716 escriui,
984 3664 1003 3719 y
1023 3647 1113 3716 largo,
1132 3647 1219 3701 sobre
1237 3648 1281 3701 los
1299 3649 1411 3701 buenos
1429 3664 1449 3719 y
1467 3654 1567 3701 santos
1582 3644 1632 3699 de·

403 3746 471 3787 scos
483 3747 541 3803 que
553 3734 582 3787 el
595 3733 679 3788 Rmo.
694 3734 782 3790 Card.
795 3734 832 3789 de
846 3736 933 3791 Coria
947 3738 1027 3791 tenta
1038 3753 1059 3807 y
1072 3734 1152 3788 tiene
1165 3734 1202 3788 de
1215 3736 1302 3789 hazer
1316 3753 1355 3789 un
1368 3734 1483 3804 colegio
1497 3752 1535 3789 err
1552 3733 1632 3789 Sala-

404 3836 507 3875 manca
519 3837 588 3892 para
601 3829 665 3877 esta
677 3822 891 3896 Campania...»
905 3823 981 3879 Vide
995 3822 1080 3894 infre,
1095 3825 1248 3895 epistolam
1261 3822 1323 3879 223.
1359 3864 1366 3880 ,

458 3909 466 3941 ¹
504 3910 549 3963 Ex
562 3911 625 3965 cod.
641 3912 728 3967 Rom.
743 3913 769 3978 1,
783 3921 897 3984 autogr.
915 3926 926 3968 1
941 3912 1004 3984 fol,
1019 3931 1048 3968 n.
1065 3912 1361 3978 [νη-00110011.
1376 3912 1539 3969 CXXXIV.

455 4001 468 4033 ¹
505 3998 572 4053 Non
584 4005 701 4056 constat
713 4000 750 4056 ad
761 4019 850 4075 quem
863 4018 918 4057 nec
928 4003 1045 4075 quando
1057 4004 1132 4057 hanc
1145 4002 1298 4073 epistolam
1309 4002 1442 4073 Ignatius
1452 4001 1577 4057 dederit.
1587 4000 1630 4055 Ex

403 4086 460 4141 hoc
472 4095 570 4142 autem
584 4089 648 4143 loco
661 4088 832 4147 adducimur
844 4099 877 4146 ut
888 4091 1042 4147 credamus
1060 4109 1125 4146 eam
1143 4091 1232 4145 Petro
1254 4090 1422 4164 Marquinae
1441 4097 1511 4162 'post
1533 4091 1631 4161 Augu·

404 4182 482 4230 stum
495 4193 628 4232 mensem
643 4189 711 4248 1547
728 4179 897 4252 inscriptam
915 4179 1017 4235 fuisse.
1036 4180 1153 4235 Etenim
1174 4197 1211 4234 ex
1229 4180 1370 4253 epIstolae
1388 4186 1531 4234 contextu
1547 4194 1631 4251 appa·

402 4272 450 4319 ret
461 4265 553 4320 scribi
565 4265 602 4321 ad
614 4268 773 4339 hominem,
789 4268 902 4340 Ignatio
919 4269 1082 4343 cognitum,
1095 4270 1145 4345 qui
1157 4270 1249 4325 Roma
1262 4269 1293 4324 in
1306 4266 1478 4340 Hispaniam
1491 4266 1632 4322 discesse-

403 4361 460 4424 rat,
472 4355 521 4410 cui
533 4356 655 4411 abeunti
668 4358 797 4427 Ignatius
810 4358 932 4414 dederat
949 4358 1095 4431 mandata,
1108 4360 1159 4433 qui
1176 4358 1303 4431 denique
1320 4358 1377 4413 iter
1394 4373 1497 4429 agens,
1517 4356 1631 4411 Floren-

405 4441 475 4512 tiae,
490 4443 662 4513 Barcinone,
677 4444 942 4520 Caesaraugustae,
956 4447 994 4503 de
1007 4448 1053 4517 iis,
1068 4466 1143 4521 quae
1156 4456 1300 4519 gesserat,
1311 4446 1469 4517 diligenter
1479 4445 1632 4501 certiorem

405 4528 553 4600 ignatium
566 4532 647 4608 fecit3
661 4542 749 4608 atque
761 4537 835 4592 haec
848 4554 950 4592 mense
963 4538 1052 4608 Junio
1064 4538 1194 4609 perlecta
1209 4536 1311 4593 fuisse.
1326 4537 1402 4607 Jam,
1421 4535 1479 4591 nisi
1496 4534 1631 4603 fallimur,

405 4620 595 4678 haecomnia
616 4623 704 4679 Petro
720 4625 889 4697 Marquinae
911 4626 1102 4682 conveniunt.
1123 4624 1232 4683 Confer
1253 4625 1408 4698 epistolam
1432 4624 1492 4694 164,
1513 4624 1633 4679 ineunte

407 4706 487 4780 111110
497 4710 606 4781 datam,
620 4711 685 4768 slve
701 4712 838 4770 mandate
856 4714 1038 4787 Marquinae,
1055 4715 1148 4771 Roma
1164 4714 1373 4787 proficiscenti,
1391 4716 1430 4773 ab
1446 4712 1562 4785 Ignatio
1577 4720 1632 4769 tra·
