3625 5400
773 465 877 520 Errsr.
900 477 960 534 127.
1247 466 1250 470 '
1393 463 1447 535 399

248 621 436 707 deputatus
465 621 564 698 foret,
595 617 722 704 ubique
749 619 900 686 locorum
925 619 1018 688 clero
1041 629 1076 688 et
1097 620 1225 706 populo
1248 618 1391 686 verbum
1414 617 1480 687 Dei

253 733 482 822 praedicandi,
500 734 745 820 interpretandi
761 745 795 804 et
811 733 1027 804 confesiones
1043 734 1204 802 audiendi
1221 756 1261 802 ac
1277 734 1341 801 alia
1360 754 1472 801 sacra·

251 860 365 917 menta
380 848 605 930 ministrandi,
624 851 666 916 ad
683 871 783 916 suum
804 861 839 917 et
862 849 954 918 sedis
976 849 1182 935 apostolicae
1206 849 1471 937 beneplacitum,

251 967 445 1035 facultatem
462 965 550 1034 inter
567 963 632 1032 alia
648 963 853 1032 concesserit
870 963 965 1031 iuxta
978 965 1118 1031 formam
1132 975 1166 1032 et
1182 963 1417 1032 limitationem
1440 965 1475 1030 in

250 1082 377 1150 eisdem
400 1079 521 1149 litteris
542 1079 676 1166 plenius
697 1091 904 1160 contentam3
929 1092 964 1148 et
980 1079 1175 1150 successiue
1190 1102 1252 1167 per
1272 1079 1355 1146 alias
1375 1078 1477 1146 etiam

250 1196 285 1262 in
300 1199 408 1264 forma
424 1195 540 1264 breuis
555 1195 685 1264 litteras
700 1197 764 1262 sub
780 1198 859 1262 data
875 1197 1004 1264 Romae
1026 1213 1044 1279 5
1062 1194 1157 1284 Junii
1177 1197 1262 1280 1546
1278 1206 1345 1262 etc.
1364 1196 1475 1274 nobis,
1556 1229 1561 1237 ·

250 1323 284 1380 et
300 1334 360 1398 pro
377 1323 528 1400 tempore
543 1311 703 1380 existenti
723 1310 916 1398 praeposito
936 1311 1117 1380 Societatis
1137 1309 1333 1378 huiusmodi
1355 1312 1478 1378 dece·

250 1437 323 1494 tero
344 1428 518 1514 perpetuis
538 1426 664 1494 futuris
686 1427 894 1512 temporibus
916 1447 959 1495 20
982 1427 1149 1493 duntaxat
1172 1425 1392 1514 presbyteris,
1420 1424 1479 1509 qui

250 1565 311 1610 nos
328 1543 363 1609 in
379 1542 612 1629 spiritualibus
629 1543 875 1629 quoadjuuent,
894 1564 982 1628 quos
997 1544 1040 1610 ad
1061 1542 1096 1607 id
1116 1542 1283 1630 idone[o]s
1304 1541 1476 1608 inueneri-

252 1680 340 1738 mus‚
359 1669 393 1726 et
409 1659 547 1742 quando
563 1657 672 1737 nobis,
691 1679 753 1725 seu
769 1679 831 1744 pro
848 1667 1002 1743 tempore
1018 1657 1177 1726 existenti
1197 1631 1383 1744 preposite,
1404 1662 1477 1746 pla-

253 1773 362 1842 cuerit
376 1774 513 1840 easdem
530 1773 720 1853 facultates,
738 1773 866 1858 gratias
881 1784 917 1840 et
937 1773 1187 1855 auctoritatem,
1210 1795 1296 1858 quas
1316 1773 1478 1860 professis

252 1886 434 1958 Societatis
458 1887 653 1954 huiusmodi
675 1889 865 1958 concedere
887 1908 1067 1974 posumuS,
1093 1909 1154 1956 seu
1177 1911 1238 1975 per
1261 1889 1475 1956 sanctitatem

254 1983 352 2070 suam
371 2003 470 2086 nobis
486 2003 742 2088 quomodolibet
758 2023 903 2070 concesa
919 2002 1082 2083 existunt,
1104 2003 1139 2069 in
1162 2015 1233 2071 toto
1254 2006 1309 2072 uel
1328 2005 1364 2071 in
1383 2017 1479 2092 parte

253 2120 359 2188 libere
388 2119 578 2187 concedere
605 2119 792 2199 ualeamuS,
816 2117 958 2187 liberam
979 2130 1013 2185 et
1033 2119 1260 2186 omnimodam
1282 2121 1478 2188 facultatem

254 2235 348 2302 dedit
364 2248 399 2301 et
415 2233 586 2302 concessit
607 2233 810 2302 auctoritate
831 2233 1028 2320 apostolica,
1051 2245 1152 2319 prout
1171 2234 1276 2304 etiam
1295 2235 1330 2301 in
1350 2235 1478 2304 eisdem

251 2349 375 2420 litteris
391 2349 588 2436 apostolicis
604 2348 737 2434 plenius
753 2347 961 2416 continetur.

321 2465 413 2533 Hinc
429 2476 482 2530 est
499 2466 590 2550 quod
611 2486 689 2545 noe,
712 2458 856 2549 quorum
877 2462 1022 2530 intentio
1042 2465 1085 2532 ad
1105 2463 1190 2530 nihil
1208 2463 1318 2552 magis
1338 2466 1476 2550 aspirat,

253 2602 358 2666 quam
377 2591 415 2647 ut
431 2581 516 2646 fides
532 2579 700 2646 catholica
718 2579 843 2666 ubique
858 2581 976 2646 floreat
992 2593 1026 2648 et
1042 2591 1221 2667 augeatur,
1238 2593 1273 2648 et
1289 2580 1369 2667 Xpi.
1392 2581 1478 2648 fide-

254 2699 336 2763 lium
352 2695 488 2765 animae
508 2694 602 2763 omni
623 2694 799 2782 diligentia
819 2698 893 2763 Deo
915 2694 1098 2777 lucrifiant,
1120 2696 1164 2763 ad
1184 2695 1397 2783 infrascripta
1417 2718 1479 2782 per

249 2812 388 2887 litteras¹
396 2812 485 2897 ipsas
497 2812 658 2880 facultate
670 2810 811 2892 suffulti,
827 2822 860 2877 te
872 2813 915 2880 N.
928 2812 1061 2877 firmum
1074 2812 1283 2898 propositum
1296 2814 1478 2881 habentem

251 2927 469 3013 ingrediendi
489 2926 693 2996 Societatem
715 2926 912 2993 huiusmodi
933 2937 968 2995 et
988 2949 1029 2995 eo
1050 2927 1163 2994 animo
1178 2927 1249 3012 jam
1269 2950 1330 3015 per
1350 2927 1477 3013 aliquot

256 3064 363 3110 annos
379 3044 444 3110 sub
460 3042 653 3112 obedientia
668 3041 779 3109 dictae
796 3042 981 3111 Societatis
995 3042 1031 3108 in
1047 3042 1169 3110 studiis
1183 3054 1219 3112 et
1235 3044 1270 3110 in
1286 3046 1481 3112 domesticis

250 3158 427 3227 exercitiis
443 3168 546 3242 atque
561 3156 681 3224 officiis
695 3157 910 3223 laudabiliter
927 3170 1112 3237 uersatum,
1132 3180 1234 3243 quem
1250 3181 1343 3227 nunc
1358 3162 1482 3247 proba·

259 3273 360 3341 tionis
376 3272 582 3359 maiorisque
598 3271 817 3358 perfectionis
833 3272 944 3359 gratia
960 3272 1054 3339 iuxta
1066 3273 1222 3341 instituta
1233 3278 1405 3361 praefatae
1418 3279 1483 3345 So-

257 3388 390 3455 cietatis
405 3389 448 3455 ad
464 3387 753 3474 peregrinandum
771 3386 956 3467 mittimus,¹
968 3388 1012 3457 de
1027 3388 1126 3473 cujus
1142 3388 1319 3476 religione,
1338 3390 1483 3477 integri·

251 3514 340 3583 tate,
358 3502 513 3583 scientia,
532 3502 694 3583 moribus,
713 3500 924 3588 experientia
939 3512 974 3570 et
990 3502 1154 3589 sapientia
1165 3504 1346 3590 plurimum
1360 3506 1395 3573 in
1407 3511 1481 3573 Do-

144 3696 146 3701 ,
258 3620 350 3687 mino
370 3616 585 3697 confidimus
610 3617 645 3683 in
666 3616 895 3683 coadiutorem
917 3628 1072 3683 nostrum
1099 3631 1134 3687 et
1160 3620 1272 3690 dictae
1299 3622 1479 3690 Societatis

258 3758 362 3803 vnum
379 3737 422 3803 de
438 3755 582 3801 numero
599 3752 653 3815 20,
667 3734 766 3820 juxta
782 3732 880 3799 nobis
896 3734 1095 3800 attributam
1112 3737 1320 3819 facultatem,
1338 3747 1373 3805 et
1385 3740 1428 3804 ad
1440 3761 1480 3805 ea

257 3851 371 3917 omnia
386 3850 596 3934 exequenda,
615 3870 682 3935 que
697 3848 799 3915 latius
815 3850 849 3915 in
867 3851 975 3916 forma
992 3849 1107 3917 breuis
1118 3850 1347 3934 continentur,
1363 3864 1481 3922 tenore

233 3950 486 4052 'praesentium
508 3964 750 4031 constituimus
767 3976 800 4033 et
822 3966 1039 4051 deputamus.

325 4082 361 4147 In
375 4100 519 4165 quorum
533 4080 634 4146 fidem
648 4080 783 4147 easdem
797 4092 972 4165 presentes
983 4080 1113 4146 litteras
1125 4082 1196 4149 fieri
1211 4083 1387 4168 nostrique
1394 4085 1484 4150 soliti

260 4196 363 4283 sigilli
376 4195 598 4283 impressione
611 4193 737 4260 muniri
749 4195 910 4276 fecimuS,
929 4216 1057 4279 easque
1069 4217 1171 4262 manu
1189 4198 1324 4284 propria
1335 4199 1487 4266 subscri-

261 4312 402 4399 psimus.

328 4430 454 4494 Datum
471 4428 598 4494 Romae
614 4425 650 4493 in
666 4426 768 4491 domo
784 4423 965 4493 Societatis
977 4427 1062 4513 Jesu
1075 4428 1166 4513 apud
1178 4442 1330 4496 sanctam
1345 4432 1485 4498 Mariam

251 4545 303 4610 «de
315 4544 450 4622 Strada,
464 4564 554 4609 anno
566 4544 608 4609 D.
625 4543 668 4609 N.
679 4544 763 4628 Jesu
777 4540 857 4627 Xpi.
879 4592 961 4610 ......
977 4540 1033 4607 die
1045 4563 1127 4611 vero
1145 4595 1212 4611 .....
1228 4544 1354 4613 mensis
1370 4597 1481 4616 ........

259 4658 475 4745 pontificatus
492 4655 645 4745 prelibati
663 4656 865 4725 sanctissimi
880 4656 1009 4724 domini
1026 4657 1133 4724 nostri
1150 4680 1256 4746 papae
1271 4683 1361 4729 anno
1381 4714 1477 4731 .......
