3625 5400
566 450 669 507 Eersr.
689 450 994 526 239.—1aanuann
1014 454 1082 525 1548
1309 435 1315 445 ²
1346 452 1401 523 ⁶79

211 612 270 669 tua
300 623 364 669 nos
394 602 470 669 istie
503 603 589 671 tueri
620 624 756 690 pergas:
790 626 828 671 ac
860 604 1009 691 denique
1040 603 1139 672 solita
1169 605 1434 673 reuerendorum

98 734 113 751 ‘
210 720 254 785 D.
273 718 527 804 Theologorum
543 717 620 785 istic
636 719 787 786 omniurn
804 719 1057 802 beneuolentia‚
1080 730 1215 787 nostros
1233 740 1314 786 cum
1336 741 1435 806 prae-

209 842 324 902 sentes
352 844 423 900 tum
451 835 611 903 absentes
637 834 787 922 benigne
814 835 1074 922 prosequendos
1100 856 1217 904 eures:
1239 837 1320 921 Quo
1342 846 1435 903 certe

208 947 384 1016 eharitatis
400 949 512 1015 osficio
527 970 590 1016 nos
604 950 671 1016 sibi
687 960 776 1017 totos
796 950 948 1037 dignitas
968 961 1029 1017 tua
1048 950 1221 1020 deuinciet
1241 971 1345 1036 quam
1365 949 1433 1015 vir-

209 1065 291 1131 tutis
306 1065 416 1132 omnis
430 1075 465 1133 et
481 1068 606 1133 author
621 1076 656 1133 et
671 1077 926 1133 consummator
936 1069 1064 1155 Jhesus
1085 1066 1246 1134 Christus
1266 1065 1436 1133 Dominus

208 1190 324 1247 noster
340 1180 522 1260 custodiat,
540 1192 575 1248 et
589 1180 625 1245 in
643 1201 726 1267 pace
742 1192 860 1249 sancta
875 1181 1040 1250 faeliciter
1051 1193 1245 1251 conseruet.
1260 1183 1385 1248 Amen.

275 1297 402 1362 Romae
422 1296 624 1385 10Januarij
642 1318 733 1363 anno
754 1298 849 1380 1548.

275 1410 495 1479 Reuerendae
511 1412 544 1477 d.
564 1434 596 1477 v.
617 1410 815 1497 Discipulus
831 1432 873 1477 ac
889 1433 1012 1479 seruus
1028 1411 1063 1477 in
1080 1410 1232 1491 Christo,

659 1528 807 1594 Pnrnus
823 1528 1001 1595 Kamsrus
1017 1526 1256 1613 nouiomagus.

784 1674 860 1753 239

512 1804 750 1870 CIVITATl
788 1804 1142 1872 MAMERTINAE

604 1948 693 1991 noun
714 1910 747 2005 ri
764 1949 911 2003 anunnu
932 1934 1001 2007 1548
1020 1936 1041 1990 ¹.

211 2050 256 2105 De
267 2051 394 2124 collegio
407 2051 563 2107 Societutis
569 2052 651 2138 jesu·
657 2052 812 2108 Messanae
824 2053 1133 2109 instituendo-Rem
1143 2070 1212 2108 cum
1223 2054 1317 2109 Patre
1327 2054 1434 2108 Dome-

526 2157 611 2195 necco
625 2142 818 2195 tractandam
836 2142 944 2197 suadet
963 2141 1116 2213 ignatius.

795 2266 862 2389 llis.

277 2454 385 2521 Molto
400 2452 571 2539 magnifici
588 2452 729 2541 signori.
749 2453 787 2521 L'
803 2474 920 2521 amore
935 2465 1053 2521 eterno
1065 2453 1098 2519 di
1111 2455 1250 2542 Jesux.⁰
1263 2454 1330 2520 Dio
1340 2464 1375 2521 et
1386 2454 1435 2521 si·

211 2588 299 2654 gnor
319 2578 437 2635 nostro
459 2568 550 2636 visiti
570 2590 703 2655 sempre
722 2571 755 2637 le
774 2572 835 2639 SS.
853 2571 930 2637 VV.
954 2581 968 2608 ²
987 2580 1022 2637 et
1038 2579 1128 2635 tutta
1143 2569 1176 2636 la
1190 2588 1252 2635 sua
1267 2568 1435 2635 catholica

211 2681 294 2752 cirre
309 2705 374 2752 con
391 2685 510 2753 fauore
525 2696 559 2754 et
575 2684 685 2772 gratie
701 2684 850 2772 speciali.
870 2686 995 2754 Arnen.

277 2802 315 2867 ln
338 2811 462 2888 tempo,
480 2803 569 2868 doue
588 2801 621 2868 la
636 2801 835 2888 cognitione
851 2813 885 2869 et
900 2801 1042 2904 seruitio
1063 2803 1107 2868 de
1129 2801 1225 2868 lddio
1245 2813 1379 2870 creator
1398 2813 1434 2868 et

101 2971 113 2998 ,
209 2915 329 3002 signor
343 2926 462 2982 nostro
482 2927 577 2982 tanto
597 2916 616 2982 ὲ
638 2919 833 2997 manchato,
857 2926 891 2984 et
912 2927 1008 2983 tanto
1028 2917 1131 3003 pochi
1151 2916 1180 2983 si
1201 2927 1345 2984 trouano
1369 2918 1434 2983 che

171 3063 174 3069 ·
208 3029 305 3098 siano
319 3030 456 3098 solliciti
472 3031 505 3096 di
522 3030 660 3099 ristorar
675 3031 698 3096 il
719 3031 923 3099 detrimento
943 3031 978 3097 di
997 3054 1069 3112 eso,
1095 3032 1201 3098 molto
1221 3042 1321 3118 grato
1344 3031 1434 3100 deue

209 3167 322 3215 essere
337 3169 358 3213 a
373 3145 456 3232 ogni
472 3169 552 3226 vnn,
571 3149 635 3215 che
650 3146 807 3215 desidera
821 3148 853 3220 la
869 3145 986 3213 diuina
1001 3146 1111 3233 gloria
1129 3157 1164 3215 et
1181 3148 1323 3226 honore,
1341 3147 1434 3212 doue

208 3262 236 3327 si
254 3261 368 3348 voglia
384 3264 449 3329 che
465 3262 493 3328 si
511 3263 608 3342 veda,
630 3283 766 3328 rcercar
780 3263 812 3328 la
830 3262 884 3328 via
895 3284 939 3330 en
952 3262 983 3329 el
996 3263 1126 3331 Senore
1136 3272 1273 3328 nostro»
1289 3283 1349 3346 per
1359 3283 1435 3329 me-

207 3377 278 3464 glio
290 3397 456 3444 conocere
471 3389 505 3444 et
521 3376 650 3444 seruire
666 3379 698 3443 la
714 3400 776 3444 sua
791 3375 910 3443 diuina
925 3378 1066 3445 maesti.
1086 3379 1128 3443 Et
1149 3375 1221 3444 cosi
1237 3401 1257 3443 a
1277 3376 1336 3442 noi
1358 3377 1434 3462 (che

207 3493 324 3561 siben
345 3493 376 3561 le
398 3495 491 3560 sorze
514 3491 610 3559 siano
629 3492 742 3558 deboli
764 3491 778 3532 b
797 3514 817 3559 e
839 3493 945 3558 molto
964 3491 1114 3559 interiori
1135 3493 1167 3558 al
1188 3502 1347 3559 coneetto
1365 3492 1434 3558 che

206 3620 380 3676 mostrano
396 3611 523 3676 hauere
539 3608 570 3676 le
587 3609 651 3676 SS.
670 3609 745 3676 VV.
765 3628 844 3694 «per
859 3609 890 3674 la
907 3629 970 3673 sua
984 3608 1089 3673 molta
1105 3606 1269 3688 charita»,
1283 3628 1349 3693 pur
1363 3606 1424 3672 sia-

127 3751 131 3762 ·
207 3745 264 3790 mo
280 3725 331 3790 fra
346 3723 449 3809 quelli
466 3727 542 3807 che,
561 3725 635 3810 pela
651 3723 745 3790 Iddio
761 3697 871 3810 gratia
886 3721 1112 3792 desideriamo
1127 3723 1152 3788 l'
1169 3725 1299 3790 honore
1310 3733 1346 3790 et
1357 3743 1433 3790 ser·

207 3837 292 3904 uitio
307 3839 381 3924 suo)
398 3849 412 3879 ⁰
427 3838 457 3905 ci
474 3841 493 3906 e
509 3848 599 3905 stato
614 3840 720 3906 molto
735 3851 836 3925 grato
855 3850 908 3905 «et
921 3859 987 3905 con
998 3840 1103 3905 molto
1115 3838 1244 3922 gaudio
1257 3836 1433 3924 spirituale

206 3955 262 4019 nel
279 3955 316 4024 S.
335 3957 401 4022 N.»
420 3954 597 4022 intendere
612 3952 626 3994 ἃ
643 3976 703 4039 per
718 3955 913 4022 testimonio
927 3956 984 4020 del
999 3955 1106 4021 lllmo.
1125 3952 1247 4040 signor
1268 3953 1381 4021 vicere
1397 3967 1434 4021 et

228 4069 396 4077 ——n-—u

256 4121 270 4148 ²
307 4107 334 4161 le
348 4106 379 4161 S.
394 4106 430 4160 V.
442 4123 496 4160 ms.
500 4125 512 4173 ‚·
521 4109 549 4160 et
560 4107 603 4161 sic
611 4095 752 4179 ‘deinceps
761 4109 818 4177 per
831 4111 926 4160 totam
938 4106 1106 4178 epistolam.
1145 4107 1195 4149 -b
1214 4105 1433 4160 Praecedentia

204 4207 238 4248 11
250 4193 341 4248 verba
353 4195 467 4250 tineam
479 4194 586 4249 habent
598 4194 785 4252 subductam.
824 4208 872 4236 ..c
894 4195 974 4248 idem
988 4195 1126 4266 intellige
1138 4194 1175 4248 de
1186 4193 1434 4265 praecedentibus

204 4295 242 4351 14
255 4283 361 4338 verbis.
400 4286 450 4327 -d
476 4280 629 4338 Verbonel
650 4282 682 4337 S.
702 4283 738 4337 N.
757 4282 911 4338 intendere
927 4284 1041 4338 tineam
1059 4282 1235 4338 subductam
1252 4283 1369 4338 habent.
1392 4283 1432 4338 In
1477 4302 1483 4314 ·

203 4372 370 4437 additione,
386 4391 480 4427 manu
494 4372 524 4427 S.
540 4372 659 4445 Ignatii
670 4371 769 4445 sacto,
785 4373 897 4427 iterum
910 4373 1001 4428 verbo
1014 4373 1061 4427 nel
1075 4372 1107 4427 S.
1122 4371 1160 4426 N.
1173 4373 1306 4444 scripsit.

196 4523 199 4530 ι
257 4497 265 4528 ¹
304 4497 348 4550 Ex
369 4496 544 4552 adversariis
565 4497 757 4568 originalibus
778 4496 809 4551 in
830 4498 895 4552 eod.
914 4497 1000 4552 Rom.
1020 4497 1045 4562 I,
1064 4497 1150 4553 unico
1173 4496 1253 4567 solio,
1271 4515 1301 4552 n.
1324 4496 1434 4566 LXIX,

203 4584 284 4656 prius
299 4596 361 4639 102.
375 4585 459 4657 Quae
478 4584 602 4656 virgulis
620 4605 633 4637 n
674 4603 688 4637 n
705 4584 891 4656 clauduntur,
905 4583 937 4640 S.
956 4584 1063 4657 Ignatii
1081 4602 1169 4641 manu
1183 4595 1302 4641 exarata
1315 4593 1433 4641 sunt.-

205 4672 327 4738 Cartas,
341 4691 370 4730 n.
386 4672 534 4730 cxxxn.
