3625 5400
406 452 467 537 '642
791 467 998 524 Mansuram
1016 467 1194 524 Iouerum

378 619 586 700 facultatem,
616 641 685 706 que
710 618 802 687 circa
822 618 1082 705 predicationes,
1111 618 1362 700 confessiones,
1391 629 1426 689 et
1444 628 1605 686 votorum

375 734 671 818 commutationes,
689 745 724 804 et
739 734 881 802 aliorum
902 745 1193 804 sacramentorum
1209 715 1549 819 administrationem,
1568 746 1606 804 et

376 850 467 917 circa
479 870 608 917 nouum
623 847 773 917 officium
789 849 974 916 dicendum
986 860 1022 917 et
1033 852 1134 917 horas
1148 848 1330 944 canonicas
1342 850 1605 937 anteponendas

374 976 408 1034 et
437 965 693 1052 postponendas
719 964 884 1034 Societati
910 985 1074 1033 concessa
1088 975 1153 1045 est,
1171 967 1328 1033 conferre
1348 965 1546 1048 statuimus,
1564 974 1604 1029 vt

375 1079 631 1169 priuilegiorum
657 1079 878 1181 concessione
907 1078 1103 1148 huiusmodi
1124 1080 1170 1146 ad
1195 1078 1465 1148 aedificationem
1493 1078 1605 1167 (sicut

375 1195 514 1265 omnino
528 1194 729 1283 speramus),
743 1217 813 1263 non
829 1197 872 1263 ad
883 1196 1151 1265 destructionem
1164 1195 1317 1284 (perinde
1327 1206 1366 1262 vt
1380 1196 1524 1282 professi
1541 1218 1603 1263 so-

376 1313 470 1399 lent),
488 1311 607 1381 vtaris.

442 1427 546 1513 Quod
559 1438 595 1494 vt
609 1438 645 1495 et
657 1426 717 1493 tibi
729 1438 765 1495 et
775 1426 849 1494 aliis
865 1426 1031 1494 rationem
1047 1426 1265 1515 exigentibus
1281 1425 1410 1495 certius
1425 1436 1562 1495 constet
1573 1438 1600 1505 ⁸,

375 1545 477 1611 hasce
488 1542 616 1627 literas,
631 1553 747 1609 nostra
758 1541 1009 1629 subscriptione
1020 1552 1055 1609 et
1071 1541 1251 1612 Societatis
1263 1540 1376 1629 sigillo
1389 1542 1523 1622 fulctas,
1537 1542 1603 1610 de·

377 1658 503 1728 dimus

441 1776 574 1844 Romae
589 1795 679 1841 anno
696 1773 834 1841 Domini
850 1775 1060 1856 MDXLVII,
1078 1794 1131 1841 xn
1149 1774 1312 1842 kalendas
1328 1772 1432 1841 ΧΨ.

442 1891 626 1976 Inscriptio
642 1892 680 1955 in
696 1891 870 1977 margine.
898 1887 1037 1958 Creatio
1057 1888 1092 1956 in
1114 1890 1344 1958 coadiutorem
1366 1888 1593 1978 spiritualem.

952 2036 1028 2115 227

672 2166 830 2235 PATRI
863 2166 1042 2235 PAULO
1072 2162 1307 2234 CAMERTI
1360 2260 1364 2269 Ι

764 2293 851 2337 nour
865 2292 900 2335 20
914 2292 1093 2337 uovsuams
1108 2291 1177 2351 1547
1186 2280 1207 2337 ¹.

375 2398 500 2453 Patrem
516 2398 650 2452 Paulum
674 2396 845 2452 Camertem
858 2396 1000 2469 [gnatius
1016 2395 1051 2451 in
1064 2399 1201 2470 gradum
1222 2395 1409 2468 coadjutoris
1424 2395 1600 2468 spiritualis

425 2486 581 2543 Societatis
591 2486 668 2557 Jesu
689 2485 835 2552 admittit,
858 2490 886 2541 et
904 2487 1028 2559 gratias
1042 2486 1266 2559 facultatesque
1286 2485 1420 2557 ejusdem
1442 2484 1598 2540 Societatis

423 2576 568 2649 proprias
579 2573 630 2629 illi
641 2573 783 2630 concedit.

951 2682 1020 2749 th.
1031 2715 1047 2754 s

440 2816 576 2886 Dilecto
592 2817 627 2883 in
643 2817 708 2883 X.⁰
719 2818 803 2904 Jesu
819 2816 864 2882 D.
879 2818 925 2884 N.
938 2816 1008 2883 lilio
1025 2817 1132 2884 Paulo
1148 2817 1174 2897 ¹,
1188 2817 1332 2883 salutem
1348 2815 1383 2882 in
1398 2815 1548 2883 Domino
1563 2826 1598 2881 et

376 2931 639 3003 benedictionen
655 2929 911 3017 sempiternam.

442 3051 532 3118 Cum
547 3047 596 3132 hi,
613 3047 672 3134 qui
687 3047 934 3134 professionem
954 3045 991 3112 in
1010 3045 1148 3114 minima
1168 3057 1284 3113 nostra
1304 3045 1476 3115 Societate
1497 3046 1597 3115 emit·

376 3174 466 3247 tunt,
484 3165 529 3230 ob
544 3161 706 3230 diuturna
721 3161 835 3229 studia
854 3173 889 3231 et
909 3161 1127 3247 probationes
1144 3161 1427 3247 conditionesque
1446 3160 1529 3228 alias
1545 3185 1583 3230 re

376 3279 529 3366 quisitas,
548 3277 725 3366 pauciores
745 3277 813 3344 sint
833 3299 936 3363 quam
953 3289 989 3343 vt
1008 3276 1140 3364 possint
1156 3277 1327 3346 desiderio
1347 3288 1465 3345 nostro
1484 3276 1520 3345 in
1535 3299 1596 3344 ex-
1625 3314 1639 3342 0

375 3397 518 3464 colenda
533 3393 695 3460 latissima
706 3392 844 3460 Domini
856 3392 969 3473 vinea,
984 3403 1019 3460 et
1031 3392 1147 3460 multis
1158 3392 1321 3479 operariis
1331 3392 1521 3480 indigente,
1539 3415 1597 3460 sa-

375 3513 543 3593 tisfacere,
560 3508 688 3596 placuit
707 3507 881 3575 sanctitati
906 3507 1035 3575 domini
1054 3508 1173 3588 nostri,
1198 3507 1350 3596 supremi
1368 3506 1540 3594 pontificis
1556 3529 1596 3576 ac

377 3627 456 3715 Xpi.
475 3624 602 3706 vicarii,
624 3625 821 3691 facultatem
849 3622 948 3689 nobis
971 3621 1171 3690 admittendi
1199 3623 1428 3709 coadjutores,
1451 3644 1596 3709 quorum

375 3764 489 3831 opera,
508 3751 581 3808 tum
597 3739 631 3807 in
648 3738 881 3825 spiritualibus
897 3740 942 3805 ad
956 3737 1104 3826 plurium
1124 3738 1313 3806 animarum
1333 3739 1508 3819 auxilium,
1525 3749 1597 3806 tum

377 3859 412 3925 in
429 3855 671 3944 temporalibus
692 3855 736 3921 ad
756 3853 937 3924 Societatis
957 3855 1242 3936 subleuationem,
1267 3865 1450 3936 uteremur,
1468 3856 1512 3921 de
1536 3856 1598 3921 be-

379 3973 545 4060 nignitate
572 3970 758 4058 apostolica
771 3971 961 4039 concedere
977 3980 1080 4055 atque
1095 3969 1287 4057 indulgere.
1312 3971 1386 4038 Nec
1406 3980 1540 4036 tantum
1562 3981 1597 4035 vt

377 4088 555 4157 admittere
569 4089 689 4176 (modo
721 4086 757 4152 in
788 4084 911 4154 litteris
942 4085 1136 4172 apostolicis
1168 4086 1346 4173 expresso)
1366 4095 1402 4151 et
1416 4084 1597 4172 participes

432 4283 446 4311 ι
463 4272 580 4322 constat
590 4282 646 4320 ms.

432 4421 439 4453 ¹
479 4421 522 4475 Ex
534 4419 599 4474 cod.
615 4417 742 4488 Ulyssip.
756 4417 782 4481 I,
793 4417 916 4485 arches,
927 4433 956 4470 n.
967 4432 995 4488 9,
1009 4415 1060 4471 fol.
1071 4414 1116 4485 37.
1128 4415 1254 4471 Abscisa
1267 4422 1314 4470 est
1323 4413 1513 4485 subscriptio,
1523 4429 1597 4486 quae

379 4511 490 4581 absque
498 4506 588 4563 dubio
597 4505 777 4577 autographa
787 4512 859 4560 erat.
871 4505 975 4560 Exstat
985 4521 1086 4577 apogr.
1097 4503 1127 4561 in
1137 4504 1200 4559 cod.
1213 4503 1327 4568 Paris„
1339 4519 1368 4558 n.
1382 4499 1502 4573 106,fol.
1515 4499 1596 4556 123v.

381 4597 538 4662 -Cartas,
550 4613 580 4652 n.
594 4594 726 4651 CXXVI.
1243 4659 1250 4676 .-

418 4693 428 4723 ¹
466 4686 522 4742 Hic
534 4702 551 4741 a
564 4683 656 4758 patria
667 4700 721 4739 sua
733 4683 854 4741 Camers
866 4683 1138 4755 cognominabatur.
