3625 5400
1402 11 1777 142 ‚—

444 506 497 560 626
819 504 1025 562 Mortuum
1044 506 1221 561 tonsurus

474 658 518 725 ln
533 658 628 725 titulo
642 659 798 747 epistolae
814 657 1023 724 hortantum
1038 658 1190 725 additur.
1210 659 1318 728 Sobre
1337 660 1390 727 los
1407 659 1589 745 ymbiados
1615 665 1643 726 a

408 776 525 843 Roma.

474 891 518 957 ln
533 891 703 979 Regalis.
718 891 772 959 De
783 891 834 957 los
847 892 867 957 8
879 889 1022 959 venidos
1034 892 1078 958 de
1091 892 1499 961 Barcelona.-Scrluese
1510 898 1530 959 t
1543 895 1637 961 Bar·

406 1008 526 1076 celona
541 1010 652 1088 com0,
669 1007 713 1074 de
729 1006 748 1072 8
766 1014 834 1093 que'
848 1005 1015 1089 vinieron,
1032 1008 1106 1075 solo
1121 1008 1228 1077 Santa
1244 1008 1267 1094 †
1283 1008 1342 1074 ine
1353 1006 1543 1089 admittido;
1558 1019 1636 1077 tres

406 1121 622 1209 despedidos3
640 1123 692 1188 los
707 1140 729 1204 4
745 1120 950 1212 [restantes],
967 1123 1113 1210 despues
1129 1124 1172 1192 de
1188 1134 1279 1192 estar
1294 1146 1339 1192 en
1353 1144 1421 1190 vna
1437 1129 1573 1191 camara
1588 1144 1635 1209 30

406 1239 490 1317 dtas,
509 1259 547 1306 se
561 1236 739 1323 ymbiaron
754 1244 775 1304 d
790 1238 841 1305 los
857 1238 1042 1324 hospitales
1059 1241 1082 1303 ³.

980 1385 1052 1464 212

680 1514 838 1593 PATRI
871 1514 1068 1605 JOANNl
1106 1515 1357 1600 QUERALT

781 1628 880 1701 [nous
898 1628 931 1685 31
951 1641 1107 1686 ocroams
1128 1630 1208 1701 1547]
1227 1630 1248 1685 ¹.

405 1726 618 1783 Fs'rdinandus
643 1726 844 1793 Marmenia,
868 1745 884 1784 s
913 1728 1058 1784 Somno
1086 1728 1247 1792 demissus,
1272 1728 1463 1800 recipiendus
1493 1743 1554 1782 non
1585 1732 1631 1783 cst

663 1826 669 1845 ·
724 1822 880 1889 tamquam
893 1818 1124 1873 unusenostris
1139 1816 1299 1873 sodalibus.

470 1933 651 2002 Fernando
669 1936 1176 2003 Mazcarerlas—Asimesmot
1196 1933 1382 2001 Barcelona
1405 1954 1443 2001 se
1454 1931 1568 2002 soriue
1583 1934 1629 1999 de

404 2050 431 2117 F
432 2049 584 2117 emendo
600 2051 818 2117 Mazcarenas
841 2048 868 2130 ¹,
885 2054 984 2115 como
1000 2069 1045 2114 no
1064 2050 1097 2115 le
1117 2049 1187 2115 han
1207 2049 1250 2115 de
1270 2046 1412 2115 resciuir
1431 2069 1531 2115 como
1545 2070 1627 2135 per-

403 2186 486 2233 sona
500 2166 545 2240 de
559 2165 593 2231 la
609 2166 810 2252 Compafiia‚
828 2164 872 2232 de
887 2164 920 2230 la
935 2164 1015 2249 qual
1029 2186 1073 2231 va
1089 2163 1285 2251 despedido‚
1303 2164 1378 2231 sino
1393 2163 1557 2250 ayudarle
1582 2186 1627 2233 en

404 2283 437 2348 lo
453 2280 619 2368 spiritual,
637 2301 735 2348 como
750 2286 770 2347 ἐι
784 2302 831 2347 vn
846 2280 1023 2348 sacerdote
1039 2279 1204 2346 conoeido
1220 2290 1286 2347 etc.
1306 2280 1331 2345 ³.

981 2442 1044 2523 213

599 2628 607 2682 l
679 2583 835 2650 PATRI
868 2583 1063 2671 JOANNI
1102 2583 1352 2668 QUERALT

789 2729 876 2772 nous
895 2714 928 2771 31
950 2727 1105 2773 ocrouars
1126 2727 1194 2786 1547
1213 2719 1232 2770 ¹.

497 2928 502 2941 ¹
536 2849 692 2906 Socicioiis
697 2850 866 2922 facilitates
878 2868 947 2907 essm
960 2851 1054 2906 Patre
1069 2851 1201 2921 Queralt
1211 2852 1487 2908 communicantur.

462 2963 550 3064 Josn
566 2975 851 3061 Queralt.-Este
867 2977 922 3042 dla
938 2997 975 3044 se
990 2977 1034 3042 da
1049 2978 1164 3065 aJotn
1177 2977 1321 3061 Queralt
1332 2975 1472 3043 licentia
1482 2977 1526 3044 de
1538 2996 1624 3043 con-

400 3092 520 3173 fessar,
537 3112 561 3177 y
577 3091 677 3159 todos
692 3091 744 3158 los
759 3090 957 3180 priuilegios
972 3092 1015 3158 de
1031 3091 1082 3158 los
1097 3091 1324 3173 coamatores,
1342 3092 1399 3160 del
1410 3090 1565 3178 predicar
1576 3112 1622 3159 en

399 3207 495 3275 fuera
512 3206 538 3273 ².

450 3457 461 3489 ³
498 3455 559 3527 Qui
570 3453 776 3532 brevissimum
789 3455 843 3509 hoc
859 3453 1050 3509 summarium
1061 3471 1129 3509 cum
1141 3455 1204 3526 ipsa
1216 3454 1341 3527 epistola
1356 3454 1500 3525 conferat,
1517 3454 1621 3528 depre-

397 3543 506 3600 hendet
523 3542 655 3616 profecto
676 3542 856 3616 aliquantum
869 3541 947 3599 inter
968 3560 1001 3598 se
1018 3541 1150 3614 differre,
1167 3559 1227 3599 non
1244 3542 1330 3599 modo
1349 3543 1447 3617 quoad
1467 3544 1621 3618 utriusque

398 3631 620 3706 longitudinem,
635 3631 688 3686 sed
700 3630 789 3687 etiam
801 3631 897 3704 quoad
909 3648 957 3686 res
970 3631 1049 3703 ipsas
1061 3642 1138 3705 quae
1150 3641 1313 3688 narrantur.

452 3725 459 3754 ¹
483 3712 542 3777 'Ex
553 3719 656 3777 codice
668 3720 785 3793 Rogasi.
799 3720 825 3784 I,
839 3719 890 3776 fol.
905 3718 958 3774 113
970 3739 995 3788 r,
1009 3737 1096 3778 manu
1106 3721 1140 3776 P.
1152 3707 1281 3778 Polanci.

449 3814 461 3844 ⁸
497 3809 555 3866 Hic
575 3809 719 3866 lusitanus
741 3807 785 3864 vir
806 3825 874 3865 cum
894 3809 1102 3866 Sanctncrucio
1123 3809 1247 3865 Romam
1268 3809 1405 3883 petierat.
1425 3809 1621 3867 constrantur

398 3899 494 3971 Epist
508 3899 634 3964 Mixtus,
647 3899 668 3968 l,
683 3897 748 3970 406,
760 3909 824 3970 407,
837 3898 888 3954 ubi
897 3898 946 3954 hic
954 3899 978 3953 F
979 3897 1156 3954 erdinandus
1165 3915 1224 3954 non
1233 3908 1314 3955 recte
1327 3897 1456 3956 Isidorus
1469 3900 1618 3956 scribitur.

449 3987 460 4020 ¹
496 3985 582 4044 Circa
594 3985 684 4059 diem,
696 4003 753 4060 quo
765 3989 838 4043 haec
844 3986 988 4043 'schedula
1000 3994 1052 4042 aut
1068 3987 1193 4072 epistola
1210 3988 1318 4060 scripta
1335 3997 1391 4060 est,
1411 3989 1479 4060 lege
1494 4005 1571 4061 quae
1589 3988 1621 4043 in

396 4077 545 4150 superiore
562 4076 686 4149 epistola
707 4075 922 4132 annotavimus:
940 4076 1018 4132 circa
1039 4076 1134 4132 virum
1151 4085 1250 4132 autem
1272 4076 1320 4132 cui
1344 4075 1525 4150 inscribitur,
1540 4077 1621 4133 Patri

396 4167 520 4238 Queralt
533 4164 656 4222 dicimus
669 4163 798 4238 inscribi,
813 4173 968 4238 propterea
979 4165 1057 4238 quod
1075 4164 1101 4221 is
1117 4167 1262 4222 sociorum
1278 4164 1536 4223 barcinonensium
1554 4175 1620 4223 erat

397 4254 571 4311 moderator.

451 4344 458 4374 ¹
497 4343 541 4399 Ex
553 4342 654 4400 codice
667 4341 786 4416 Rogati.
800 4342 824 4412 Ι,
840 4343 890 4400 iol.
911 4342 962 4399 113
974 4362 999 4416 r,
1013 4361 1100 4400 manu
1113 4344 1148 4398 P.
1167 4343 1296 4401 Polanci.

446 4436 458 4469 ¹
495 4432 612 4490 Gratias
625 4433 663 4488 ob
675 4433 751 4488 hanc
763 4432 871 4503 Ignatii
882 4435 1104 4490 concessionem
1122 4433 1185 4504 egit
1197 4433 1286 4490 Pater
1298 4435 1422 4506 Queralt
1437 4445 1470 4489 12
1487 4432 1620 4506 Januarii

399 4520 476 4592 1548,
490 4537 527 4579 ex
539 4521 623 4593 cujus
635 4521 760 4594 epistola
773 4521 902 4578 eruimus
915 4524 968 4578 has
986 4523 1099 4578 litteras
1116 4522 1199 4578 datas
1217 4523 1309 4580 inisse
1326 4521 1359 4578 31
1379 4521 1518 4582 Octobris
1539 4534 1619 4592 1547.

398 4609 494 4682 Epist.
509 4611 633 4678 Mixtus,
647 4612 673 4684 1,
687 4610 751 4682 458.
