3625 5400
670 517 855 573 ansrxrro
873 529 1051 574 exusseris
1415 533 1434 588 9

244 668 446 755 spectantia3
461 691 529 737 non
541 670 679 757 quidem
693 669 818 753 omnia,
834 640 922 755 quae
934 672 977 736 ad
989 671 1161 757 Ignatium
1173 682 1361 757 utcumque
1377 673 1467 739 refe-

176 834 178 840 .
246 793 368 850 runtur
390 797 425 853 et
447 787 539 871 apud
565 785 719 852 diversos
746 786 935 872 reperimus
957 784 1172 873 (immensum
1199 785 1289 854 enim
1306 787 1467 854 evaderet

245 901 358 986 opus),
372 901 433 970 sed
448 921 490 968 ea
500 899 682 987 praecipue
693 911 927 981 monumenta,
942 923 1030 987 quae
1042 901 1149 988 ipsius
1161 903 1264 968 vitam
1280 901 1463 983 illustrant,
1549 881 1553 890 ¹

243 1035 400 1100 quaeque
416 1015 566 1098 notitias,
584 1039 669 1102 quas
685 1017 728 1084 de
748 1015 805 1082 illo
821 1038 861 1084 ac
877 1019 920 1083 de
936 1018 1039 1084 rebus
1059 1040 1079 1083 a
1099 1039 1136 1085 se
1156 1017 1264 1104 gestis
1284 1019 1462 1097 habemuS,

240 1131 413 1216 complere
433 1141 588 1216 possunt.

308 1247 362 1314 De
379 1246 503 1331 quibus
519 1247 729 1315 enucleatius
745 1269 765 1314 a
785 1249 896 1329 nobie,
914 1268 993 1314 cum
1008 1248 1052 1314 de
1072 1247 1218 1335 singulis
1237 1269 1392 1334 agamus,
1410 1248 1463 1315 di-

239 1363 390 1426 cendum
406 1361 482 1430 erit.

431 1561 816 1625 3.··MONUMENTORUM
841 1563 911 1610 STI.
937 1563 1078 1610 IGNATlI
1104 1563 1274 1610 UTILITAS

309 1709 457 1791 Utilitas,
474 1733 517 1778 ex
532 1711 717 1798 ignatianis
731 1711 867 1798 scriptis
881 1711 1058 1798 capienda,
1082 1711 1217 1778 diversa
1235 1733 1299 1797 pro
1319 1711 1463 1781 diversis

236 1835 305 1905 est,
317 1826 390 1894 sive
401 1827 596 1894 hominibus
607 1827 680 1894 sive
693 1828 914 1914 temporibus,
924 1827 1004 1894 Alia
1016 1838 1191 1922 praeterea
1202 1827 1339 1914 decerpi
1345 1839 1462 1914 potest

237 1939 369 2008 utilitas
385 1965 427 2010 ex
442 1943 608 2029 epistolis,
626 1943 691 2010 alia
706 1965 748 2011 ex
764 1943 997 2030 spiritualibus
1008 1943 1189 2024 exercitiis,
1202 1943 1416 2010 documentis
1427 1956 1461 2012 et

235 2054 533 2124 instructionibus.
552 2059 684 2156 Omnes
700 2068 814 2126 tamen
829 2058 865 2124 in
880 2079 1009 2145 genere
1023 2081 1066 2125 ex
1077 2057 1201 2144 Ignatii
1212 2057 1348 2144 scriptis
1363 2070 1460 2144 pote·

236 2181 319 2236 runt
331 2171 421 2239 illius
433 2173 588 2260 spiritum
602 2174 864 2242 sincerissimum
877 2173 1025 2256 haurire,
1039 2195 1108 2259 quo
1120 2173 1233 2241 omnia
1245 2176 1288 2241 ad
1300 2175 1460 2259 majorem

235 2287 305 2354 Dei
320 2288 464 2374 gloriam
480 2288 780 2376 proximorumque
796 2292 941 2360 salutem
958 2291 1140 2377 dirigebat3
1163 2290 1266 2356 animi
1285 2289 1460 2358 celsitudi-

235 2425 318 2470 nem
334 2425 532 2490 agnoscere,
550 2405 652 2488 nullis
674 2428 834 2492 umquam
854 2407 954 2473 fracti
976 2406 1161 2486 laboribus,
1183 2427 1317 2492 semper
1336 2427 1460 2492 magna

234 2521 302 2603 pro
318 2519 433 2585 divino
449 2520 614 2605 obsequio
630 2521 835 2602 meditantis,
854 2521 901 2588 ita
918 2532 1032 2588 tamen
1047 2531 1087 2586 ut
1101 2521 1240 2588 minima
1259 2542 1330 2587 non
1349 2521 1460 2606 negli-

234 2646 348 2721 geret3
368 2633 547 2702 maximam
564 2635 718 2706 acerrimi
730 2635 851 2723 judicii
866 2637 935 2704 vim
951 2647 986 2706 et
1001 2637 1036 2705 in
1049 2635 1236 2705 tractandis
1248 2635 1396 2724 negotiis
1407 2635 1460 2702 di·-

232 2748 414 2836 ligentiam
431 2773 668 2837 summamque
683 2746 942 2834 dexteritatem}
952 2752 1102 2820 animum
1120 2764 1337 2840 acceptorum
1353 2753 1460 2820 bene·

234 2864 393 2931 liciorum
420 2888 603 2936 memorem
630 2880 665 2934 et
688 2868 723 2934 in
746 2869 924 2937 referenda
945 2868 1056 2955 gratia
1079 2849 1254 2950 eximium,
1276 2866 1330 2933 sui
1354 2866 1460 2953 ipsius

233 2992 460 3067 motuumque
482 3004 624 3049 suorum
640 2982 687 3049 ita
706 2982 1052 3065 continentissimum,
1072 2994 1110 3050 ut
1130 2983 1279 3052 medicos
1295 2982 1399 3068 ipsos,
1417 3004 1460 3050 ex

232 3097 401 3183 adspectu
413 3097 620 3182 judicantes,
638 3099 776 3167 falleret.
792 3100 889 3165 Haec
905 3098 1039 3185 aliaque
1051 3097 1086 3167 id
1097 3120 1209 3186 genus
1220 3119 1263 3164 ex
1275 3096 1460 3184 ignatianis

231 3210 371 3297 scriptis
387 3213 550 3299 cognosci
565 3213 693 3300 optime
708 3224 881 3301 poterunt.
900 3214 1034 3283 Etenim
1053 3214 1129 3280 talis
1144 3223 1217 3280 erat
1235 3212 1402 3300 lgnatiuS,
1422 3222 1459 3279 ut

231 3328 262 3394 si
287 3328 383 3394 illum
407 3328 496 3395 inter
519 3328 674 3397 homines
693 3340 866 3415 agentem,
888 3330 1029 3417 negotia
1051 3338 1266 3410 tractantem,
1293 3326 1459 3415 praesidia

231 3446 386 3510 humana
412 3444 643 3529 adhibentem,
673 3443 1003 3533 circumspicientem
1032 3444 1145 3512 omnia
1175 3442 1456 3522 consideraveris

230 3559 330 3625 illurn
347 3581 417 3625 non
434 3561 534 3626 modo
551 3569 689 3627 cautum
711 3580 750 3627 ac
766 3560 983 3645 prudentem,
1000 3562 1062 3627 sed
1077 3560 1235 3627 eumdem
1257 3556 1459 3645 prudentiae

229 3678 407 3743 humanae
422 3674 537 3761 apices
553 3685 803 3761 consequutum
819 3696 896 3745 esse
911 3676 1031 3743 merito
1048 3676 1185 3744 dixeris:
1200 3697 1243 3743 ex
1255 3676 1362 3741 altera
1371 3656 1458 3740 ¹itero

230 3802 343 3877 parte,
366 3790 395 3857 si
422 3790 517 3857 illum
545 3770 621 3858 curn
651 3794 725 3859 Deo
749 3802 922 3879 agentem,
940 3812 1019 3858 cum
1042 3792 1175 3871 eodem,
1197 3811 1285 3875 quae
1308 3789 1459 3875 gerenda

177 3990 182 3996 Ι
228 3919 342 3987 erant,
360 3906 679 3987 communicantem,
698 3909 741 3974 ab
756 3924 798 3973 eo
814 3907 917 3974 etiam
933 3906 1071 3974 caelesti
1083 3906 1211 3973 lumine
1223 3906 1458 3971 collustratum

230 4022 442 4107 adspexeris,
462 4022 631 4089 hominem
648 4020 801 4087 divinum
819 4021 941 4090 merito
955 4022 1126 4107 Ignatium
1138 4018 1372 4107 appellaveris
1390 4039 1458 4103 quo

230 4140 341 4218 DeuS,
356 4158 419 4205 ceu
431 4138 510 4204 vivo
524 4147 625 4222 atque
638 4137 786 4203 animato
798 4136 1038 4217 instrumento,
1052 4138 1095 4203 ad
1108 4141 1269 4222 majorem
1282 4133 1336 4201 sui
1352 4133 1459 4220 ipsius

229 4254 375 4339 gloriam
393 4253 666 4340 amplificandam
684 4254 855 4322 utebatur.

299 4370 478 4455 Duplicem
499 4369 580 4437 hinc
600 4368 706 4438 veluti
727 4369 926 4455 adspectum
947 4368 1113 4457 ignatiani
1134 4368 1250 4448 animi,
1269 4371 1458 4433 humanum

230 4483 364 4551 scilicet
385 4495 421 4554 et
439 4486 635 4567 caelestem,
657 4506 732 4565 scu,
756 4496 794 4551 ut
814 4484 943 4552 rectius
963 4488 1156 4570 loquamur,
1179 4483 1349 4569 integram
1368 4480 1460 4548 illius

231 4602 432 4688 imaginem,
450 4602 638 4688 perfectam
654 4612 757 4687 atque
772 4600 932 4667 omnibus
944 4600 1094 4669 numeris
1110 4601 1315 4680 absolutam,
1333 4619 1377 4665 ex
1392 4599 1458 4663 hu-

230 4738 335 4783 mano
351 4740 391 4784 ac
412 4716 528 4783 divino
544 4718 714 4786 elemento
736 4715 878 4784 mirifice
894 4718 1087 4797 conflatam,
1105 4719 1342 4784 Mouuusurx
1354 4715 1460 4780 loun·
