3625 5400
596 448 699 504 Earsr.
722 459 821 517 17.-2
840 459 1020 504 nacauarus
1041 443 1110 517 1538
1378 447 1427 518 135

236 610 352 666 autem
368 610 488 686 postea
503 599 625 669 diebus
640 621 696 667 res
711 600 850 667 omnino
866 600 1046 668 terminata
1061 612 1126 680 est,
1143 610 1179 668 et
1194 621 1236 668 eo
1257 604 1371 682 mod0,
1394 624 1463 688 quo

235 715 383 780 maxime
397 716 604 802 putabamus
623 717 804 784 efuturum
824 718 869 784 ad
895 715 961 785 Dei
988 718 1153 784 honorem
1179 728 1214 784 et
1240 717 1462 802 plurimarum

236 829 642 915 vtilitatemanimarum,
664 832 744 899 data
762 841 816 900 est
835 831 1005 899 sententia
1020 832 1217 914 declarans,
1241 834 1463 918 quemadmo-

234 948 330 1026 dum,
347 950 439 1013 facta
454 945 612 1034 diligenti
627 947 858 1032 inquisitione,
881 947 967 1013 nihil
982 969 1094 1033 neque
1111 947 1145 1014 in
1162 948 1232 1014 vita
1253 961 1381 1042 nostra,
1400 972 1462 1017 ne-

237 1082 302 1145 que
316 1061 355 1128 in
369 1061 539 1142 doctrina,
557 1073 730 1148 repertum
745 1063 801 1144 sit,
816 1064 908 1148 quod
920 1062 1065 1150 dignum
1077 1063 1122 1130 sit
1134 1063 1335 1148 suspitione.
1351 1066 1462 1150 ipsam

237 1185 352 1245 autem
371 1178 587 1259 sententiam,
609 1189 714 1265 prout
730 1179 823 1264 jacet
845 1177 864 1259 f,
887 1179 916 1244 si
937 1179 1025 1246 forte
1044 1178 1178 1246 sedebit
1199 1179 1313 1245 animo
1332 1190 1392 1246 tuo
1407 1178 1461 1245 ui·
1543 1262 1546 1268 Ι

236 1294 327 1372 dere,
351 1293 440 1359 scito
466 1294 534 1360 iam
553 1293 691 1380 gipsam
710 1315 787 1362 esse
806 1317 914 1381 penes
933 1296 1085 1380 legatum
1108 1293 1267 1376 caesaria,
1287 1294 1346 1380 qui
1368 1296 1461 1381 apud

237 1429 298 1474 uos
312 1419 366 1476 est
383 1411 408 1490 5;
427 1409 531 1494 aliqui
555 1409 682 1478 etenim
697 1408 712 1450 h
732 1432 775 1478 ex
796 1391 915 1477 amicis
935 1409 1061 1476 nostris
1077 1431 1153 1476 eam
1169 1410 1213 1476 ad
1229 1409 1341 1495 ipsum
1358 1409 1461 1476 mise-

237 1535 327 1590 runt.
347 1523 484 1593 Scimus
495 1547 579 1593 sane
594 1548 637 1593 ex
652 1528 719 1592 hoc
730 1547 800 1593 non
816 1527 944 1592 factum
961 1525 1013 1608 iri,
1033 1536 1069 1592 ut
1084 1547 1185 1594 nemo
1205 1547 1268 1592 nos
1288 1526 1462 1612 uituperet

235 1641 394 1725 posthac3
411 1662 524 1726 neque
536 1644 602 1708 hoc
617 1641 849 1727 quaesiuimus
864 1663 1026 1728 vnquam;
1043 1651 1176 1708 tantum
1193 1641 1365 1708 uoluimus
1381 1663 1460 1727 pro-

287 1842 300 1870 ο
326 1828 600 1913 ,putauimusRom
611 1831 652 1900 3.⁰
678 1831 726 1872 -f
734 1829 911 1885 sententiam
920 1828 1146 1901 pernosfactam
1155 1828 1290 1892 Rom.o
1321 1827 1460 1882 -ascias

237 1914 292 1969 iam
304 1916 399 1990 ipsam
419 1919 531 1983 Vitell,
546 1937 576 1973 n.
591 1933 641 1986 20;
655 1917 731 1974 scias
744 1937 808 1974 eam
829 1919 919 1974 Rom.
942 1921 996 1986 2.⁰,·
1015 1917 1090 1973 scias
1109 1935 1174 1972 eam
1193 1917 1286 1989 ipsam
1306 1917 1392 1971 Rom.
1414 1917 1460 1986 3.⁰

235 2007 284 2047 -h
301 2005 392 2078 aliqui
404 2006 484 2061 enim
506 2008 616 2076 Vtrelz,
630 2028 661 2068 rr.
675 2022 724 2063 20.

238 2176 454 2246 «compluribus
468 2187 498 2232 et
509 2178 630 2251 quidem
641 2179 784 2250 gravibus
797 2177 869 2233 viris
880 2178 1023 2234 exercitia
1032 2177 1194 2249 spiritualia
1207 2175 1369 2249 proposuit,
1384 2177 1460 2231 inter

234 2278 308 2335 quos
320 2263 411 2319 fuit...
426 2265 589 2322 Cardinalis
602 2268 797 2337 Contarenus,
811 2267 857 2322 vir
873 2267 1050 2334 eruditione,
1060 2265 1170 2339 pietate
1183 2277 1271 2338 atque
1286 2266 1460 2320 auctoritate

234 2352 341 2422 clarus,
354 2353 405 2424 qui
415 2355 588 2425 magistrum
600 2356 761 2412 affectuum
774 2374 807 2411 se
819 2357 970 2412 invenisse
982 2356 1098 2410 Patrem
1112 2354 1257 2426 Ignatium
1267 2355 1459 2424 agnoscebat,

235 2448 264 2493 et
275 2457 330 2495 sua
342 2441 407 2512 ipse
420 2461 507 2500 manu
519 2445 662 2501 exercitia
671 2446 834 2518 spiritualia
842 2445 1027 2518 descripsit».
1036 2446 1143 2500 Postea
1153 2461 1223 2500 vero
1234 2442 1391 2522 Societatis
1398 2442 1459 2513 jam

235 2531 446 2588 «constituta...
461 2534 594 2606 formula,
605 2553 680 2609 quae
691 2535 755 2591 in...
767 2535 947 2608 Apostolicis
957 2534 1064 2590 litteris
1075 2535 1185 2590 inserta
1195 2541 1250 2602 est,
1266 2549 1352 2606 quam
1368 2533 1460 2588 nostri

235 2619 357 2675 Summo
368 2623 502 2680 Pontifici
513 2643 565 2696 per
577 2625 691 2698 seipsos
702 2635 889 2699 praesentare
897 2626 1157 2694 constituerant...,
1171 2624 1239 2695 quia
1249 2622 1299 2678 ille
1309 2623 1402 2676 Roma
1414 2639 1458 2676 re·

231 2710 323 2765 cessit
331 2714 387 2767 sub
400 2722 572 2770 autumnum
585 2716 652 2771 anni
668 2715 747 2787 1539,
758 2734 796 2772 ne
808 2724 985 2786 cogerentur
995 2716 1058 2787 ejus
1072 2714 1199 2769 reditum
1208 2720 1392 2785 exspectare,
1406 2730 1458 2783 per

232 2798 419 2857 Cardinalem
433 2803 633 2860 Contarennm
651 2822 715 2861 eam
730 2805 866 2861 Pontifici
884 2812 1112 2877 proposuerunt.
1134 2802 1305 2858 Pontifex...
1325 2801 1457 2857 conside·

232 2896 293 2943 rata
302 2888 462 2946 formula...
476 2911 536 2948 non
546 2896 642 2949 solum
655 2912 720 2950 eam
732 2896 825 2950 verbo
838 2894 1023 2967 approbavit,
1037 2892 1090 2948 sed
1103 2892 1226 2948 etiam...
1244 2890 1319 2946 dixit
1335 2908 1455 2962 congre·

230 2978 382 3047 gationem
399 2981 474 3036 hanc
487 2985 612 3038 multum
628 2982 665 3053 ad
682 2982 920 3039 reformationem
933 2983 1084 3038 Ecclesiae
1098 2979 1313 3053 profuturam...
1333 2980 1371 3033 Et
1384 2980 1456 3034 haec

231 3066 318 3121 tertia
331 3067 381 3123 die
394 3068 578 3141 Septembris
599 3073 719 3143 Tybure
737 3080 813 3142 acta,
827 3088 864 3125 ex
879 3070 986 3125 litteris
1004 3070 1097 3141 ipsius
1116 3066 1279 3124 Cardinalis
1297 3066 1456 3122 Contareni
1531 3142 1534 3147 Ι

229 3164 395 3211 constant.»
408 3158 573 3232 POLANCO,
589 3160 713 3226 Chron„
726 3162 751 3229 I,
765 3173 810 3230 71.
830 3160 919 3215 Porro
940 3160 1071 3231 «Gaspar
1084 3158 1279 3227 ContarenuS,
1292 3155 1455 3211 clarissimo

229 3244 353 3315 patricio
363 3264 474 3317 genere
487 3249 632 3316 Veneriis,
646 3250 769 3321 Aloysio
781 3250 948 3305 Contareno
962 3258 992 3303 et
1004 3247 1144 3302 Polixena
1158 3246 1331 3317 Malipetria,
1347 3242 1455 3299 femina

229 3332 375 3407 primaria,
390 3346 494 3392 natus»
510 3346 569 3393 est.
586 3340 673 3395 Illum
687 3336 861 3407 ‹rann01537
883 3338 992 3393 Paulus
1006 3336 1049 3391 Ill
1062 3334 1200 3391 Pontifex
1214 3334 1369 3404 Maximus,
1382 3331 1454 3388 nihil

230 3423 289 3477 tale
306 3435 524 3495 expectantem,
539 3427 570 3482 in
582 3427 724 3483 Senatum
736 3428 821 3498 legit,
839 3444 1025 3501 purpuraque
1044 3434 1177 3481 ornatum
1191 3423 1278 3480 titulo
1291 3422 1324 3479 S.
1348 3424 1454 3477 Praxe-

229 3510 316 3567 disin
329 3514 517 3570 Germaniam
530 3516 675 3587 Legatum
691 3517 772 3572 misit
786 3534 862 3572 anno
879 3528 959 3587 1541,
973 3525 1006 3570 ut
1019 3514 1171 3585 religionis
1191 3512 1345 3567 dissidium
1359 3512 1455 3567 Ratis·

230 3601 369 3657 benaein
384 3604 512 3660 comitiis
529 3604 647 3677 Imperii
665 3605 847 3661 conciliaret.
867 3604 926 3661 Sed
944 3622 1011 3660 cum
1028 3620 1113 3658 casso
1131 3605 1231 3658 labore
1248 3600 1386 3656 rediisset
1399 3602 1454 3665 Ro-

229 3706 317 3759 mam,
331 3692 461 3762 Legatus
478 3694 628 3750 Bononiae
641 3703 758 3751 creatus
771 3695 850 3751 est...
868 3695 898 3749 in
912 3711 969 3767 quo
983 3710 1103 3749 munere
1117 3708 1224 3765 paucos
1244 3699 1309 3762 post
1325 3706 1453 3754 menses,

228 3780 328 3851 rapida
341 3781 424 3836 febre
436 3792 600 3855 correptus,
613 3782 688 3839 obiit
700 3802 776 3839 anno
789 3784 899 3840 Christi
921 3796 998 3852 1542,
1019 3781 1148 3837 nondum
1166 3778 1389 3850 sexagenarius.
1405 3778 1454 3833 Vi-

229 3875 288 3921 tam
300 3868 366 3939 ejus
378 3870 489 3926 diserte
500 3872 657 3944 descripsit
671 3874 799 3943 Joannes
809 3874 894 3943 Casa,
911 3873 1068 3944 episcopus
1078 3872 1334 3926 Beneventanus».
1350 3868 1454 3923 Guna-

227 3968 280 4027 111,
299 3958 469 4014 liresuurus
488 3961 709 4032 antrquitatum
730 3967 759 4017 et
779 3962 981 4017 historiarum
1003 3960 1125 4015 Italiae.
1146 3958 1225 4030 Juris
1246 3957 1365 4027 Veneti,
1380 3964 1400 4011 t.
1415 3955 1451 4025 V,

227 4048 304 4115 part.
322 4046 346 4119 l,
361 4048 413 4102 ubi
425 4049 508 4120 plura
520 4050 595 4105 tanti
608 4049 664 4105 viri
678 4050 774 4121 elogia
791 4050 988 4120 continentur,
1008 4048 1038 4103 in
1055 4048 1117 4102 vita
1135 4063 1229 4103 novae
1248 4045 1371 4101 editioni
1386 4062 1454 4116 ope-

226 4133 267 4189 ris
282 4128 474 4205 ejusdem'De
493 4138 726 4213 Magistratibus
737 4145 766 4195 et
778 4140 942 4211 Republica
963 4140 1142 4194 Venetorum
1161 4135 1298 4210 praelixa.
1313 4136 1453 4191 Contare-

226 4241 296 4279 num
307 4225 420 4281 meritis
429 4227 565 4283 laudibus
575 4231 725 4284 cumulant
734 4228 1079 4296 Prrnrmcmo,1srorra
1089 4228 1138 4283 del
1149 4226 1276 4303 concilio
1285 4226 1318 4280 di
1332 4226 1459 4293 Tranio,

227 4312 278 4367 lib.
292 4315 345 4382 IV,
358 4333 423 4388 cap.
441 4316 484 4390 133
498 4318 588 4388 Paer,
601 4320 823 4374 Breviarum...
837 4326 860 4373 t.
874 4318 926 4387 Vl,
942 4334 1024 4389 pags.
1041 4329 1085 4388 77,
1100 4316 1146 4387 78,
1160 4315 1268 4389 aliique
1281 4314 1390 4387 passim
1407 4331 1453 4368 ca·

225 4402 325 4457 tholici
337 4404 505 4477 scriptores.
525 4407 606 4462 lllius
624 4424 714 4480 saepe
728 4406 839 4462 mentio
848 4406 882 4461 fit
900 4405 931 4462 in
945 4414 967 4461 t.
982 4406 995 4460 1
1008 4405 1105 4477 operis
1121 4404 1258 4476 Cartasy
1272 4408 1353 4459 atros
1365 4404 1453 4459 ascri·

224 4495 269 4545 tos
281 4492 331 4547 del
346 4495 415 4549 Bto.
430 4496 467 4549 P.
482 4496 583 4552 Pedro
595 4497 705 4553 Faoro.

278 4583 290 4615 ⁵
326 4581 432 4641 Orator
442 4584 539 4641 Caroli
547 4587 573 4639 V
582 4586 660 4659 apud
669 4594 794 4642 venetos
804 4594 867 4641 erat
877 4585 1008 4641 Didacus
1018 4584 1152 4641 Hurtado
1163 4584 1201 4640 de
1211 4582 1363 4655 Mendoza,
1375 4581 1452 4636 idem

224 4670 276 4743 qui
286 4682 391 4743 postea
402 4676 530 4731 caesaris
544 4684 641 4732 orator
653 4677 764 4732 Romae
781 4675 848 4732 fuit.
