3625 5400
440 443 494 501 714
823 432 1031 487 Mouuuaurr
1049 432 1232 488 lanariam

984 616 1064 693 255

450 745 623 811 PATER
650 744 897 833 JOANNES
928 746 996 811 DE
1028 744 1292 812 POLANCO
1320 744 1387 809 Ex
1418 744 1597 810 COMM.

530 860 588 914 PP.
610 858 832 917 LEONARDO
851 858 1045 917 KESSELIO
1069 858 1120 915 El*
1139 857 1326 916 ADRIANO
1344 858 1515 913 ADRIANI

745 970 831 1013 aorni
845 970 995 1013 raama
1003 971 1186 1014 raaauaaro
1198 956 1268 1027 ¹⁵18
1279 958 1300 1013 ¹.

459 1074 668 1143 Qrmndonam
681 1074 723 1127 ad
736 1072 895 1145 Igrratium
908 1074 1100 1129 scribendum
1114 1075 1167 1138 sit,
1179 1072 1361 1130 ‹tom-De
1370 1073 1541 1129 romantio
1553 1090 1592 1127 ac

767 1164 960 1235 patrimonio
973 1164 1121 1235 magistri
1132 1162 1278 1218 Adriani.

471 1280 580 1367 Copia
596 1303 639 1349 ex
655 1279 745 1349 aliis.

472 1396 708 1463 Constitutum
725 1406 778 1462 est
805 1396 930 1463 aRd0.
950 1398 990 1461 P.
1012 1395 1207 1482 praeposito
1227 1406 1278 1479 vt,
1303 1394 1362 1481 qui
1377 1394 1563 1463 societatis
1578 1416 1641 1461 no

404 1524 496 1579 strae
511 1524 594 1579 sunt
609 1524 644 1578 et
665 1524 761 1579 extra
789 1512 918 1579 ltaliam
945 1512 1091 1597 degunt,
1108 1511 1256 1598 singulis
1278 1510 1455 1578 mensibus
1473 1512 1584 1579 se'ruel
1599 1512 1641 1577 ad

404 1627 582 1693 minimum
598 1628 670 1693 suis
685 1628 729 1694 de
745 1630 849 1693 rebus
869 1630 940 1693 huc
954 1628 1107 1694 scribant
1127 1630 1153 1710 ²3
1172 1638 1286 1695 tamen
1305 1640 1320 1666 ⁸
1335 1638 1374 1692 vt
1393 1638 1472 1713 post
1491 1638 1643 1711 quatuor

404 1765 540 1811 menses
555 1743 663 1811 veluti
679 1764 845 1809 summam
867 1744 1016 1828 aliquam
1037 1765 1171 1825 eorum,
1188 1764 1279 1828 quae
1299 1744 1482 1829 praecipue
1502 1742 1640 1809 interim

404 1858 487 1944 ipsis
503 1858 671 1938 accidere,
700 1859 894 1939 conficiant3
919 1870 1089 1945 gestaque
1108 1872 1144 1926 et
1163 1860 1292 1945 scripta
1311 1859 1414 1925 etiarn
1434 1857 1640 1926 intermedio

406 1986 570 2060 tempore,
586 1987 669 2041 tunc
681 1976 725 2041 de
736 1974 875 2061 integro
886 1986 1057 2061 repetant,
1070 1975 1248 2060 presertim
1262 1997 1352 2061 quae
1365 1972 1554 2061 singularis
1565 1995 1641 2041 esse

405 2090 568 2158 momenti
584 2090 804 2158 videbuntur.
834 2092 915 2157 Hoc
939 2090 1046 2177 igitur
1065 2092 1169 2157 modo
1188 2091 1359 2177 generalis
1379 2093 1448 2155 hoc
1467 2088 1534 2155 bin
1550 2109 1642 2155 anno

405 2208 448 2273 de
469 2205 561 2272 omni
588 2204 679 2274 vitae
707 2206 967 2289 studiorumque
995 2218 1088 2274 statu
1114 2206 1282 2293 expositio
1309 2207 1379 2275 fiet.
1399 2208 1472 2273 Vos
1491 2205 1638 2290 primum

406 2342 557 2390 mensem
574 2333 652 2408 post
667 2332 826 2407 acceptas
840 2324 945 2388 hasce
960 2321 1077 2388 literas
1092 2321 1233 2409 incipite
1254 2334 1280 2389 ⁰.

471 2440 524 2505 De
536 2438 727 2506 sacerdotio
743 2436 897 2523 magistri
914 2437 1057 2504 Adriani
1074 2438 1228 2523 proxime
1242 2438 1408 2523 scriptum
1424 2448 1478 2505 est
1493 2438 1520 2516 ⁸,
1539 2437 1639 2522 eique

403 2575 497 2621 nunc
512 2553 656 2619 liberum
673 2552 755 2619 sacit
772 2554 880 2621 RduS.
894 2554 1109 2639 praepositus
1119 2576 1219 2621 vsum
1232 2555 1285 2621 sui
1300 2552 1506 2640 patrimonii.
1524 2554 1638 2637 Rogat

404 2680 519 2738 autem
533 2679 567 2738 te
583 2671 677 2756 Mag.
695 2668 877 2736 Cornelius
891 2681 926 2737 et
943 2673 1037 2758 Mag.
1062 2670 1263 2738 Anthonilts
1284 2673 1309 2752 ⁴,
1334 2681 1373 2736 vt
1393 2670 1511 2736 videas
1532 2688 1635 2754 expe-
1748 2695 1749 2731 ³

405 2785 521 2853 diatne
541 2795 647 2854 totam
670 2783 862 2872 patrimonii
882 2787 1072 2872 portionem
1093 2789 1138 2854 ab
1157 2787 1276 2854 amicis
1296 2799 1424 2874 petere,
1449 2807 1552 2871 quam
1575 2783 1637 2852 sibi
1748 2818 1749 2869 l

404 2900 630 2968 necessariam
656 2923 733 2969 esse
759 2901 882 2967 merito
910 2901 1034 2970 dixerit
1063 2905 1136 2991 [acl
1155 2904 1277 2970 fratres
1303 2901 1529 2969 scholasticos
1555 2900 1636 2968 inde
1748 2872 1749 2945 i

398 3019 523 3104 juuare
543 3039 623 3084 cum
644 3040 684 3085 ea
711 3016 738 3098 ⁶,
768 3039 810 3084 an
835 3017 951 3104 potius
977 3020 1313 3106 consanguineorum
1341 3041 1426 3104 opes
1446 3016 1518 3085 suis
1541 3015 1640 3083 bonis

403 3155 532 3220 augere
547 3134 742 3200 consultum
758 3143 875 3220 putes,
899 3134 1077 3220 presertim
1097 3157 1204 3220 quum
1224 3135 1366 3204 liberam
1388 3133 1444 3200 hic
1465 3154 1503 3199 se
1518 3153 1637 3218 perso

403 3271 482 3318 nam
499 3261 534 3318 et
547 3271 616 3316 non
633 3249 782 3336 religiosi
798 3271 921 3336 gerere
938 3251 1058 3336 possit.

473 3365 666 3452 Inscriptio.
686 3365 897 3434 Reverendis
913 3366 1076 3433 fratribus
1096 3366 1131 3432 in
1154 3365 1305 3445 Christo
1329 3368 1431 3432 Mtr0.
1458 3365 1639 3433 Leonardo

404 3482 524 3548 Kessel
541 3494 575 3549 et
596 3484 697 3548 Mtr0.
717 3480 871 3548 Adriano
888 3481 1146 3567 Antuerpiensi,
1164 3483 1256 3568 apud
1275 3483 1440 3568 templum
1461 3479 1640 3568 praedica·

406 3607 519 3662 torum
536 3595 700 3664 Coloniae
717 3596 942 3683 Agrippinae.
962 3597 1138 3664 Coloniae.

455 3807 469 3836 ε
488 3791 556 3847 Non
569 3793 644 3846 satis
655 3793 817 3863 perspicua
830 3797 960 3865 apparet
971 3793 1065 3863 hujus
1077 3792 1161 3849 verbi
1173 3793 1271 3849 lectio.
1320 3796 1372 3837 -b
1383 3792 1532 3864 generalis
1546 3801 1592 3847 ter
1600 3792 1639 3846 le·

400 3883 450 3954 gii
463 3881 601 3938 Hansen.
639 3897 689 3925 -c
707 3881 834 3954 accipite
848 3901 907 3937 ms.
951 3885 1000 3926 -d
1018 3899 1086 3938 curn
1099 3881 1144 3937 eis
1157 3900 1212 3936 ms.

406 3987 604 3996 *-

458 4037 463 4066 ¹
503 4033 546 4087 Ex
560 4035 728 4106 apographo
742 4034 772 4089 in
782 4037 849 4090 cod.
869 4033 974 4090 Color.
989 4035 1013 4100 I,
1029 4034 1081 4093 fot.
1098 4047 1142 4103 15.
1152 4037 1225 4090 Eam
1238 4031 1332 4089 edidit
1343 4033 1490 4104 liaustu,
1501 4034 1558 4089 loc.
1571 4033 1633 4101 cit„

403 4137 487 4193 paga.
507 4133 557 4192 115
570 4131 602 4178 et
617 4123 677 4178 116.

456 4215 467 4245 ²
505 4210 582 4266 Vide
596 4210 736 4283 epistolas
753 4212 803 4267 180
816 4221 847 4268 et
862 4213 925 4284 181,
938 4231 1023 4285 pags.
1037 4213 1167 4283 548-550.

453 4301 464 4333 ³
502 4301 545 4354 Ex
559 4301 614 4355 hoc
628 4302 691 4356 loco
704 4301 862 4357 statuimur
874 4304 951 4357 hanc
964 4302 1121 4374 epistolam
1133 4302 1273 4374 scriptam
1286 4317 1354 4356 esse
1367 4302 1488 4356 labente
1508 4301 1634 4356 Februa·

402 4387 457 4456 rio,
471 4397 522 4444 aut
537 4389 615 4445 circa
629 4388 701 4445 illud
723 4399 850 4464 tempus.
876 4391 951 4445 Nam
974 4392 1101 4464 litterae,
1125 4391 1234 4464 quibus
1255 4391 1294 4445 de
1316 4389 1482 4445 sacerdotio
1505 4389 1637 4460 magistri

402 4476 524 4533 Adriani
536 4481 691 4552 agebatur,
704 4478 790 4535 datae
803 4480 924 4536 fuerunt
936 4481 985 4535 die
998 4494 1016 4550 7
1035 4481 1169 4552 ejusdem
1182 4477 1294 4536 mensis
1307 4478 1472 4534 Februarii.
1487 4477 1564 4534 Vide
1578 4477 1637 4550 epi·

402 4569 508 4624 stolam
527 4567 591 4638 253.
1276 4582 1281 4592 '

455 4659 467 4692 ⁴
504 4657 608 4712 Patres
621 4655 776 4714 Cornelius
789 4657 975 4714 Vishavaeua
988 4668 1019 4715 et
1033 4659 1182 4714 Antonius
1194 4657 1355 4715 Vinclriua.
