3625 5400
720 479 877 538 'Noricis
898 492 1042 538 coorcuu
1432 505 1468 563 ⁴7

795 688 908 752 Codex
927 687 982 753 41.

338 831 458 890 Testim.
468 839 528 907 pro
540 827 865 891 societ-Fasciculus
879 844 1156 907 monumentorum,
1167 840 1458 920 0ffl‚318><offl,223;
1472 847 1501 903 in

272 931 422 1004 operculo
437 927 635 987 membraneo
646 929 790 989 inclusus.
803 930 879 989 Sunt
890 933 992 990 omnia
1003 935 1163 994 chartacea
1172 945 1292 1011 praeter
1302 956 1397 999 unum
1407 961 1501 1001 mem-

272 1029 434 1088 braneum.
901 1111 903 1115 ι

335 1125 457 1186 Titulus
471 1143 579 1186 recens
593 1127 662 1186 stilo
677 1129 818 1186 caemleo
833 1129 862 1186 in
874 1131 965 1204 priori
977 1132 1054 1190 facie
1064 1135 1209 1208 operculi:
1222 1134 1430 1197 «Testimonia
1448 1141 1452 1217 l
1471 1143 1501 1198 in

272 1226 410 1284 favorem
425 1225 613 1286 societatis.»

335 1325 495 1400 Inscriptio
509 1325 600 1394 intus,
613 1341 632 1380 a
646 1323 678 1382 P.
694 1323 791 1384 Boero
806 1327 836 1382 in
851 1327 954 1384 charta
969 1337 1107 1402 separata
1121 1331 1229 1404 posita:
1253 1331 1460 1392 «Testimonia
1478 1337 1482 1413 Ι

271 1423 468 1481 Summorum
482 1421 683 1493 Pontificum,
707 1422 955 1494 Universitatum,
973 1427 977 1502 ξ
996 1425 1269 1502 Communitatum,
1294 1440 1325 1489 et
1351 1432 1500 1492 clarorum

271 1519 416 1580 Virorum
429 1521 460 1578 in
478 1520 482 1595 l
503 1519 638 1578 favorem
652 1519 839 1581 Societatis.»

335 1617 478 1678 Continet
499 1618 671 1676 testimonia
692 1619 847 1694 originalia
869 1638 925 1695 pro
946 1621 1098 1680 Societate
1117 1623 1189 1698 Jesu
1211 1643 1292 1685 anno
1321 1638 1393 1700 1555
1420 1620 1499 1687 data.

272 1716 437 1776 Accedunt
449 1725 511 1775 tres
526 1717 673 1790 epistolae
687 1719 870 1792 archetypae
886 1719 917 1777 P.
933 1719 1117 1780 Bobadillae.

795 1869 908 1933 Codex
928 1868 988 1935 42.

240 2077 243 2086 ¹
335 2012 507 2089 Hispaniae
520 2011 802 2089 Epistulae-Sunt
813 2015 915 2088 plures
929 2015 1063 2073 fasciculi
1077 2017 1106 2073 in
1120 2017 1201 2086 lolio,
1214 2035 1274 2074 non
1289 2018 1380 2095 ligati,
1392 2023 1421 2078 in
1433 2023 1499 2095 qui·

273 2111 343 2181 bus,
357 2118 390 2168 ut
403 2111 575 2185 plurimum,
590 2112 666 2170 ordo
681 2112 915 2189 chronologicus
929 2123 1074 2172 servatur.
1089 2114 1123 2171 In
1146 2114 1201 2173 illis
1222 2119 1416 2177 continentur
1435 2120 1498 2193 epi-

273 2208 371 2266 stolae
394 2225 436 2266 ex
460 2209 609 2284 Hispania
632 2209 672 2268 ad
699 2212 889 2285 praepositos
917 2210 1075 2286 generales
1097 2213 1256 2272 Societatis
1280 2216 1328 2273 vel
1356 2217 1396 2274 ad
1424 2217 1499 2275 alios

273 2309 413 2381 scriptae.
1115 2370 1118 2376 .

335 2407 584 2482 Designabuntur
593 2408 623 2464 hi
634 2406 758 2464 codices
769 2407 901 2483 generali
912 2409 1000 2466 titulo
1009 2407 1139 2484 Hispan.
1152 2411 1245 2486 epist,
1258 2429 1371 2470 annum
1382 2415 1497 2486 episto-

272 2507 370 2562 larum
384 2505 571 2581 singulorum
585 2505 798 2564 fasciculorum
813 2506 1058 2579 superaddendo.
1194 2505 1200 2518 '

328 2682 486 2739 auribnus
500 2681 530 2738 in
543 2663 673 2739 u‘onon.
688 2695 814 2739 disson.
829 2683 860 2738 s,
874 2684 915 2755 J.,
930 2653 1086 2756 Epistulae
1099 2685 1133 2741 Ρ.
1146 2686 1233 2742 aar.
1248 2685 1361 2743 Naana

796 2851 910 2915 codex
929 2851 989 2917 43,

338 2998 488 3057 Summar.
500 2998 568 3055 hist.
579 3006 668 3074 prov.
680 2997 887 3072 Aragr-Vol.
902 3008 1018 3069 0¹¹¹,222
1030 3002 1201 3072 ><ol¹¹,158;
1214 3020 1274 3059 non
1286 3006 1498 3077 compositum,

230 3091 234 3099 ’
275 3090 332 3155 scd
347 3106 465 3155 tantum
476 3104 622 3155 assutum.

336 3194 457 3253 Titulus
472 3194 502 3251 in
518 3194 662 3268 operculo
677 3196 846 3251 chartaceo:
863 3218 878 3244 «
895 3194 914 3266 i
933 3194 936 3268 l
955 3195 1123 3253 Sommario
1138 3197 1301 3255 dell¹Hist³
1312 3198 1497 3275 d'Aragon.»

274 3294 345 3351 Alia
359 3310 459 3350 manu:
476 3290 572 3364 «1548
591 3291 595 3369 l
615 3290 839 3365 compendium
854 3292 1006 3349 Historiae
1017 3292 1195 3351 Provinciae
1213 3297 1217 3371 Ι
1236 3296 1437 3372 Aragoniae.»

337 3390 429 3447 Foliis
446 3400 481 3461 52
496 3388 622 3464 signatis
636 3395 765 3446 constat.

336 3488 391 3545 Est
404 3486 585 3581 opusculum
600 3502 618 3543 a
633 3486 664 3543 P.
680 3485 820 3543 Gabriele
835 3486 962 3544 Alvarez
977 3488 1160 3558 coniectum,
1175 3491 1236 3562 qui,
1252 3507 1322 3549 cum
1332 3492 1500 3565 scripsisset

275 3588 451 3660 provinciae
466 3585 637 3661 Aragoniae
652 3586 816 3655 historiam,
830 3587 859 3641 in
876 3587 934 3643 hoc
949 3587 1099 3659 opusculo
1113 3604 1181 3644 eam
1197 3590 1302 3661 paucis
1317 3591 1500 3662 perstrinxit,

273 3694 309 3743 ut
324 3687 388 3758 ipse
409 3685 492 3741 hisce
507 3683 607 3741 verbis
622 3683 652 3740 in
667 3683 794 3756 epistola
809 3684 847 3740 ad
863 3683 1055 3754 Sacchinum,
1078 3700 1095 3741 a
1117 3684 1299 3743 Novembris
1324 3687 1398 3747 1608
1419 3688 1500 3756 data,

275 3792 306 3841 et
321 3784 403 3840 initio
416 3782 531 3840 codicis
540 3783 648 3857 posita,
659 3780 776 3838 fatetur:
790 3782 826 3850 «i
838 3780 914 3838 Para
926 3782 952 3838 el
966 3782 997 3840 P.
1009 3782 1142 3841 Zachino
1154 3784 1173 3841 ό
1187 3800 1259 3857 para
1273 3784 1301 3841 el
1313 3801 1373 3857 que
1383 3787 1499 3843 tuuiere

276 3891 368 3957 cai-go
383 3881 422 3938 de
436 3881 464 3937 la
479 3880 612 3938 Historia
625 3880 748 3955 general
762 3880 802 3937 de
818 3879 845 3935 la
860 3877 1029 3952 Comparita
1032 3924 1078 3939 .....
1093 3880 1140 3937 En
1156 3880 1183 3939 la
1197 3882 1319 3940 historia
1334 3883 1374 3939 de
1388 3882 1415 3939 la
1428 3884 1499 3940 Pro-

275 3978 376 4035 uincia
388 3995 429 4051 yo
443 3994 485 4033 no
498 3974 616 4051 guardo
630 3976 858 4049 puntualmente
873 3974 900 4033 la
915 3975 1010 4032 forma
1024 3976 1064 4033 de
1078 3977 1202 4034 annales
1216 3994 1338 4049 aunque
1353 3996 1457 4054 pongo
1472 3981 1500 4035 el

275 4079 336 4133 arlo
350 4074 390 4131 de
404 4074 482 4133 cada
496 4088 578 4143 cosa3
592 4092 612 4147 y
628 4078 689 4129 assi
702 4072 786 4129 fuera
801 4074 818 4129 a
832 4070 870 4131 V.
887 4073 922 4129 R.
937 4071 976 4128 de
991 4074 1082 4148 aigun
1097 4075 1162 4131 mas
1175 4075 1293 4149 trabajo
1308 4076 1499 4133 acomodallo
1557 4111 1561 4117 ·

275 4174 294 4229 d
309 4192 345 4231 su
359 4173 464 4231 orden.
480 4172 540 4229 Por
553 4179 619 4229 esto
634 4190 653 4246 y
667 4188 784 4245 porque
799 4170 836 4229 V.
853 4170 887 4229 R.
904 4189 945 4227 no
959 4171 986 4228 le
1000 4179 1093 4247 tenga
1107 4171 1146 4229 de
1161 4172 1223 4229 leer
1243 4175 1353 4231 mucha
1373 4176 1498 4232 escritu-

276 4288 318 4339 ra,
332 4272 371 4328 he
386 4270 499 4328 sacado
513 4287 553 4327 vn
565 4276 703 4327 extracto
717 4268 757 4324 de
772 4268 815 4325 las
830 4286 920 4325 cosas
934 4270 999 4325 mas
1015 4268 1163 4338 notables‚
1175 4288 1236 4343 que
1250 4288 1299 4327 me
1311 4272 1432 4345 paracio
1443 4290 1498 4347 po-

275 4368 347 4426 dlan
362 4368 455 4427 caber
468 4386 506 4425 en
521 4368 549 4425 la
563 4368 686 4425 historia
700 4367 832 4443 general,
846 4386 864 4440 y
880 4376 960 4423 estas
978 4367 1208 4439 puntualmente
1229 4386 1285 4441 por
1305 4368 1333 4425 el
1349 4370 1444 4427 orden
1460 4370 1499 4427 dc

278 4468 323 4525 los
337 4472 421 4537 aiios3
435 4486 454 4542 y
470 4474 536 4525 esto
551 4482 612 4539 que
627 4466 720 4521 ahora
735 4463 837 4520 embio
851 4465 930 4539 llcga
944 4464 971 4520 al
987 4468 1046 4521 aiio
1065 4466 1167 4536 1556.»

267 4587 270 4593 ·
337 4566 444 4623 Variae
469 4566 500 4623 in
524 4566 584 4622 hoc
605 4563 753 4636 opusculo
778 4579 885 4620 manus
911 4570 1066 4636 apparent.
1090 4563 1162 4620 Post
1187 4566 1308 4622 citatam
1330 4564 1502 4647 epistolam,⁴

283 4666 495 4740 apographum
508 4662 666 4738 fragmenti
681 4660 827 4735 epistolae
842 4660 871 4718 S.
886 4660 994 4735 Ignatii
1009 4660 1047 4717 ad
1064 4661 1095 4719 P.
1108 4661 1210 4719 Araoz
1221 4680 1302 4719 anno
1322 4663 1395 4734 1548
1408 4664 1497 4720 datae
