3625 5400
704 517 839 572 Norint
859 529 1003 574 cumcurl
1395 521 1431 588 67
1514 587 1518 595 ⁶

230 671 316 744 libri,
329 690 392 746 quo
407 675 599 731 continentur
613 670 760 746 epistolae
775 670 969 730 Generalium
983 671 1216 742 adhortatoriae,
1231 689 1311 745 quae
1326 689 1464 731 commu-

231 787 294 828 nes
305 772 359 829 toti
370 771 514 829 Societati
525 769 564 828 ab
575 770 631 829 illis
639 769 820 842 scribuntur,
831 786 888 828 nec
898 771 980 845 typis
994 769 1204 846 euulgantur».
1215 770 1390 843 Sequuntur
1402 786 1419 828 2
1432 771 1465 846 lt,

232 886 325 941 pura,
344 883 396 945 173
409 871 527 946 signata
541 876 572 926 et
585 869 706 943 scripta,
721 875 751 924 et
765 867 889 925 tandem
904 868 1020 942 aliquot
1035 886 1119 943 pura.

299 965 442 1024 Continet
471 977 505 1042 35
536 966 679 1040 epistolas
704 983 826 1042 apogr„
847 965 941 1023 latino
965 984 1106 1022 sermone
1131 967 1269 1040 scriptas,
1294 967 1464 1038 quarum6

232 1066 270 1121 S:
284 1065 315 1122 P.
332 1065 449 1140 Ignatii,
464 1080 481 1123 2
496 1065 529 1122 B.
550 1065 580 1122 P.
597 1063 696 1134 Fabri,
713 1063 846 1136 reliquae
861 1071 964 1121 autern
979 1064 1035 1121 PP.
1051 1063 1172 1134 Lainez,
1187 1063 1325 1139 Borgiae,
1341 1065 1460 1123 Mercu-

232 1163 311 1220 riani
326 1172 358 1222 et
370 1163 577 1236 Acquaviuae‚
593 1164 725 1220 maxime
745 1179 819 1220 vcro
839 1164 931 1236 hujus
944 1164 1099 1236 postremi.
1118 1162 1230 1221 Ultima
1250 1163 1378 1236 epistola
1391 1163 1463 1221 data

234 1261 293 1318 suit
315 1277 326 1318 1
345 1261 441 1318 Martii
461 1263 544 1320 1622.

761 1401 873 1464 codex
883 1398 941 1463 82.

292 1525 476 1594 Mechliniae,
491 1525 521 1580 in
533 1524 652 1580 archivo
664 1523 921 1596 archiepiscopalis
933 1524 1043 1596 palatii.

302 1649 373 1709 cod.
390 1651 641 1712 Mechlin.—·Vol.
657 1654 686 1710 in
702 1652 774 1710 lolio
788 1652 907 1722 minori,
922 1652 1056 1728 ligatum.

299 1749 457 1824 Inscriptio
469 1767 486 1806 a
498 1759 584 1826 tergo
597 1752 626 1807 in
637 1759 753 1808 tessera
764 1749 862 1807 rubra:
876 1749 1052 1825 «Ignatiana
1071 1749 1076 1826 Ι
1094 1767 1142 1806 res
1160 1750 1164 1827 1
1183 1749 1342 1809 Societatis
1361 1752 1365 1826 1
1382 1752 1465 1825 Jesu,

236 1847 297 1904 sub
318 1847 321 1921 1
340 1845 375 1904 S.
386 1847 417 1909 P.
434 1847 470 1904 N.
487 1848 632 1922 Ignatio.»

250 1927 255 1936 ⁸
298 1945 491 2004 Documenta
509 1946 544 2021 38
560 1947 692 2004 numeris
709 1960 742 2021 33
760 1939 877 2020 signata
897 1947 1042 2017 continet,
1057 1963 1126 2003 narn
1150 1947 1314 2019 aliquando
1329 1947 1386 2004 sub
1401 1965 1464 2004 uno

238 2061 366 2100 numero
381 2043 443 2100 duo
458 2051 510 2100 aut
525 2044 609 2118 plura
631 2050 828 2100 monumenta
850 2043 956 2100 similia
975 2043 1174 2118 reperiuntur.
1196 2045 1464 2102 lllonumentorum

235 2143 354 2199 initium
368 2141 410 2210 fit,
425 2142 508 2198 nullo
521 2141 608 2199 titulo
623 2143 697 2216 ipsis
715 2140 863 2214 praefixo,

298 2238 409 2297 Omnia
424 2239 486 2297 scre
501 2247 571 2297 sunt
585 2240 762 2315 apographa
781 2247 980 2297 monumenta
994 2239 1023 2296 S.
1039 2238 1146 2316 Ignatii
1161 2241 1209 2296 vel
1224 2239 1262 2297 ad
1278 2241 1377 2314 ipsum
1392 2259 1461 2313 per-

235 2339 372 2396 tinentia.
400 2339 530 2395 Exstant
555 2339 646 2395 etiarn
670 2337 750 2395 duae
765 2338 922 2411 epistolae,
946 2338 1039 2395 altera
1063 2339 1092 2396 S.
1117 2338 1269 2395 Francisci
1294 2338 1399 2396 Salcsii
1422 2340 1461 2397 ad

237 2437 270 2493 P.
287 2435 498 2494 Bellarminum
509 2435 540 2512 (6
549 2435 614 2508 Jan.
630 2435 727 2513 1621),
738 2443 769 2493 et
782 2435 875 2493 altera
885 2435 916 2495 S.
929 2435 1081 2494 Francisci
1093 2436 1220 2511 Borgiae
1236 2437 1275 2493 ad
1291 2436 1327 2494 R.
1343 2437 1374 2493 P.
1391 2438 1461 2494 Lai-

236 2553 294 2592 nez
308 2533 438 2610 1191111.
459 2544 510 2605 155
535 2536 553 2611 ).

720 2661 986 2709 ANGMA

756 2783 869 2846 codex
893 2780 951 2845 83.

291 2906 422 2973 Londini
444 2908 474 2962 in
492 2924 593 2963 museo
614 2904 778 2963 britannico
795 2904 938 2975 (London.
957 2905 1066 2961 British
1083 2908 1227 2976 Museum,
1246 2910 1319 2965 «his.
1338 2910 1461 2967 additio-

236 2996 295 3051 nal.
310 3013 339 3049 n.
354 2996 464 3067 98611).

305 3122 375 3181 eod.
391 3122 632 3182 Latialia—Vol.
646 3124 677 3179 in
692 3122 753 3193 iol,
765 3123 823 3179 hoc
834 3121 921 3180 titulo
936 3129 1083 3180 notatum:
1101 3122 1253 3182 «Historia
1264 3124 1304 3181 de
1319 3126 1462 3200 Ethiopia

235 3240 254 3279 a
269 3222 329 3279 alta
342 3240 383 3279 ou
398 3222 537 3292 Abassia‚
553 3221 682 3295 Imperio
697 3220 738 3278 do
759 3219 894 3277 Abcxim
917 3222 987 3295 cujo
1007 3220 1074 3295 Rey
1094 3219 1304 3297 vulgannente
1326 3224 1365 3281 he
1388 3227 1461 3282 cha-

234 3320 326 3378 mado
340 3321 444 3378 Preste
457 3321 553 3394 Joaoa,
569 3318 727 3395 Conposta
747 3320 817 3393 pelo
835 3318 931 3393 padre
945 3319 1068 3377 Manoel
1082 3319 1255 3379 tl’Almeida
1270 3323 1309 3381 da
1325 3321 1458 3398 Compa—

234 3420 306 3476 nhia
321 3418 360 3475 tle
373 3419 461 3491 Jesus
477 3420 593 3477 natural
609 3419 647 3476 de
663 3419 787 3477 Viseu.»

295 3517 387 3574 Foliis
401 3518 462 3575 620
476 3519 601 3593 signatis
616 3524 744 3575 constat

294 3614 437 3673 Continet
451 3616 606 3673 historiam
621 3615 811 3689 Aethiopiae,
826 3616 856 3671 in
871 3613 980 3672 decem
994 3612 1088 3671 libros
1101 3616 1250 3689 partitam.

294 3712 349 3771 Ms.
362 3713 507 3789 originale
519 3732 580 3770 non
592 3713 734 3783 vidimus,
745 3712 800 3769 sed
814 3712 965 3787 integrum
977 3711 1131 3783 volumen,
1142 3720 1215 3785 arte,
1227 3723 1260 3771 ut
1275 3717 1368 3788 ajunt,
1380 3719 1456 3790 pho-

231 3812 409 3887 tographica
431 3829 621 3885 expressum,
640 3810 724 3885 quod
747 3810 863 3867 Rornae
885 3810 915 3867 in
939 3810 1135 3867 universitate
1154 3810 1340 3888 Gregoriana
1359 3831 1457 3872 asscr-

234 3916 330 3967 vatur.

295 4007 402 4066 Paucis
417 4007 528 4065 abhinc
542 4006 699 4065 mensibus
712 4008 771 4065 hoc
787 4024 841 4063 ms.
857 4006 974 4065 Romae
988 4008 1073 4081 prelo
1087 4008 1224 4067 mandari
1239 4011 1348 4083 coepit.

616 4246 814 4314 CODICES
837 4246 1082 4314 IGNATIANI

481 4364 535 4415 Qut
553 4364 585 4407 m
604 4363 670 4407 HAG
688 4362 779 4407 sumn
796 4362 893 4407 Pmlta
912 4363 978 4406 NON
997 4362 1209 4409 USURPANTUR

752 4476 864 4539 (lodex
878 4474 935 4537 84.

294 4594 389 4653 «Acta
401 4595 433 4653 P.
450 4594 566 4671 ignatii,
577 4602 610 4652 vt
624 4596 753 4669 primum
766 4594 823 4672 [ea]
836 4597 955 4670 scripsit
966 4594 998 4655 P.
1012 4596 1190 4657 Ludouicus
1204 4596 1355 4657 Gonzales
1370 4602 1456 4658 exci-

232 4694 320 4766 piens
334 4710 374 4749 ex
390 4711 442 4751 ore
458 4692 551 4766 ipsius
566 4693 690 4752 Patris.»
