3625 5400
672 557 857 614 Pmiemuo
880 569 1040 614 suecrius
1389 579 1424 634 19

233 706 337 773 etiam
354 711 427 777 fere
442 708 572 776 inutilis
588 719 679 778 esset
694 710 802 789 labor,
817 708 846 776 si
863 709 1134 796 uniuscujusque
1150 709 1314 798 epistolae
1336 713 1460 781 editio-

232 844 297 891 nes
313 825 479 892 vellemus
496 846 686 893 recensere:
705 825 905 911 praecipuas
921 824 1011 892 scitu
1026 825 1162 914 dignaS,
1180 827 1224 894 ad
1239 828 1370 896 calcem
1386 829 1459 896 sin-

232 939 395 1023 gulamm
412 940 601 1008 litterarum
618 941 796 1007 adnotatas
810 939 919 1006 lector
935 940 1092 1027 reperiet.

298 1057 376 1142 Jam
392 1077 469 1142 age,
494 1077 536 1123 ex
563 1056 663 1122 dictis
678 1057 722 1123 ab
745 1055 965 1143 epistolarum
980 1057 1045 1126 Sti.
1072 1057 1196 1144 Ignatii
1211 1057 1400 1126 editoribus
1415 1058 1459 1124 li-

233 1169 341 1253 quido
366 1180 503 1238 constat
529 1171 701 1241 neminem
729 1192 859 1252 omneS,
889 1193 978 1256 quae
1004 1171 1094 1238 illius
1120 1183 1268 1256 exstant,
1298 1173 1460 1260 epistolas

230 1289 358 1370 (neque
374 1269 684 1354 maximam'earum
697 1287 838 1373 partem)
851 1285 921 1367 illo,
934 1307 1003 1371 quo
1015 1287 1162 1373 scriptae
1174 1289 1270 1355 fuere
1281 1288 1457 1372 idiomate,

233 1399 482 1467 ac'secundum
498 1401 632 1470 critices
652 1401 791 1488 regulas
810 1401 970 1470 edidisse.
992 1403 1183 1469 Menchaca
1203 1403 1306 1483 enim,
1324 1416 1459 1489 praeter

232 1536 340 1599 quam
356 1517 450 1601 quod
462 1517 625 1604 exiguum
642 1516 752 1604 potuit
764 1515 983 1603 epistolarum
999 1538 1179 1584 numerum
1195 1518 1354 1605 reperire,
1373 1540 1460 1605 quas

234 1632 328 1716 typis
343 1631 437 1697 dedit
452 1631 626 1718 epistolas,
648 1653 718 1712 eas,
743 1633 772 1698 si
793 1631 930 1718 quidem
946 1632 1072 1700 latinae
1087 1655 1155 1699 non
1178 1643 1307 1714 essent,
1330 1656 1351 1699 a
1370 1635 1460 1703 sein

235 1745 327 1813 Latii
358 1769 550 1815 sermonem
578 1769 760 1814 conversas
792 1747 948 1832 protulit;
977 1767 1041 1814 nec
1069 1747 1216 1833 plurium
1243 1751 1459 1835 autographa

233 1863 445 1949 exemplaria
464 1885 544 1949 prae
560 1863 717 1931 manibus
732 1862 864 1943 habuit,
879 1885 967 1948 quae
980 1865 1170 1949 evulgaret,
1186 1874 1245 1931 aut
1255 1863 1460 1948 quibuscum

234 1977 409 2064 descripta
424 1979 622 2064 apographa
638 1980 817 2046 conferret.
834 1979 940 2063 Quod
956 1977 1093 2063 quidem
1108 1976 1231 2045 accidit
1246 1979 1349 2046 etiam
1367 1979 1462 2046 Patri

235 2092 401 2159 Marcello
417 2092 540 2174 Bouix,
558 2093 617 2178 qui
644 2092 766 2179 gallice
786 2091 1037 2179 ignatiauarum
1053 2093 1274 2179 epistolarum
1296 2096 1461 2163 volumen

235 2207 283 2273 ad
299 2207 513 2293 popularium
530 2229 671 2275 suorum
688 2207 777 2294 piam
792 2207 981 2274 doctrinam
1001 2217 1036 2274 et
1056 2210 1248 2294 exemplum
1272 2209 1459 2295 evulgavit.

236 2323 377 2390 Genelli
392 2334 506 2390 autem
521 2345 564 2390 ex
580 2323 654 2410 ipso
670 2325 764 2390 fonte
780 2344 910 2403 revera,
925 2322 1064 2388 archivo
1078 2321 1209 2389 scilicet
1220 2345 1372 2404 roman0,
1387 2345 1463 2389 rno-

237 2448 409 2505 numenta
425 2448 483 2504 aut
499 2440 713 2526 autographa
729 2449 788 2505 aut
804 2459 930 2506 coaeva
942 2459 983 2505 ea
997 2437 1128 2525 lingua,
1142 2459 1210 2523 qua
1226 2451 1366 2507 exarata
1383 2440 1459 2506 fue-

236 2562 335 2633 runt,
353 2553 562 2638 deprompsit
577 2553 739 2640 preloque
751 2552 919 2633 submisit,
934 2574 1053 2621 verum
1065 2573 1173 2638 pauca
1185 2553 1335 2636 omnin0,
1350 2575 1462 2638 neque
1524 2583 1529 2589 ·

236 2689 376 2755 semper
387 2668 534 2756 integra,
549 2690 589 2736 ea
601 2689 734 2755 nempe,
749 2687 848 2755 quae,
865 2676 902 2736 ut
913 2666 1125 2755 propositum
1138 2666 1203 2735 sibi
1215 2689 1356 2754 scopum
1368 2690 1462 2737 asse·

236 2794 416 2867 queretur,
434 2783 556 2850 idonea
571 2784 785 2851 videbantur.
805 2783 992 2870 Hispanica
1008 2783 1145 2852 demum
1161 2782 1379 2867 matritensis,
1398 2782 1463 2851 etsi

236 2898 327 2964 alias
342 2897 572 2978 collectiones
591 2909 664 2965 tum
680 2920 822 2966 numero
834 2897 1056 2983 epistolarum
1068 2910 1140 2963 tum
1153 2898 1374 2985 amplitudine
1385 2899 1463 2965 finis

238 3014 287 3078 ab
303 3012 491 3079 editoribus
514 3012 636 3080 intenti
656 3012 1004 3097 annotationibusque
1022 3012 1182 3099 epistolas
1201 3012 1460 3094 illustrantibus

238 3139 283 3197 ut
299 3138 433 3195 caetera
448 3138 712 3215 praetereamus,
727 3126 925 3215 longissime
936 3142 1087 3215 superat,
1101 3127 1320 3195 nihilominus
1332 3138 1463 3196 tantum

235 3246 341 3311 abest
353 3256 391 3309 ut
404 3246 514 3311 fontes
526 3242 705 3312 exhauriat
717 3244 971 3329 integrumque,
986 3243 1045 3329 qui
1057 3245 1171 3311 adhuc
1182 3254 1292 3311 exstat
1309 3244 1462 3331 ignotus,

236 3360 495 3447 ignatiauarum
516 3360 735 3447 epistolarum
757 3360 956 3425 thesaurum
977 3360 1149 3445 praebeat,
1169 3369 1207 3426 ut
1228 3359 1288 3425 vix
1307 3358 1463 3426 dimidia

238 3488 312 3541 tam
330 3473 419 3541 illius
435 3487 567 3563 partem
584 3475 843 3561 complectatur.

285 3664 291 3675 ‚
310 3591 443 3659 Etenim
460 3590 631 3658 nescimus
647 3612 793 3676 quonam
806 3591 878 3655 fato
894 3588 1070 3670 acciderit,
1085 3601 1134 3671 ut,
1149 3611 1219 3657 non
1231 3590 1332 3655 modo
1346 3592 1465 3656 Patres

236 3706 380 3775 Genelli
396 3716 431 3774 et
447 3706 569 3786 Bouix,
588 3706 648 3774 sed
664 3704 764 3771 etiam
787 3703 1002 3771 matritenses
1022 3705 1183 3785 editores,
1201 3726 1243 3772 ex
1263 3703 1357 3790 ipsis,
1379 3725 1465 3789 quos

237 3821 438 3907 designant,
457 3820 608 3888 fontibus
629 3821 720 3887 unde
740 3818 899 3906 epistolas
919 3819 1148 3899 deduxerunt,
1166 3819 1294 3904 aliquot
1316 3826 1463 3900 tantum,

238 3936 382 4003 minime
398 3958 479 4004 vero
499 3956 630 4016 omnes,
656 3955 745 4021 quae
766 3934 885 4000 inillis
906 3933 1136 4013 continentur,
1159 3933 1337 4002 ediderint.
1361 3934 1466 4029 Quod

237 4052 382 4139 quidem
400 4073 477 4118 cum
494 4052 528 4116 in
545 4050 630 4131 aliis,
650 4062 722 4117 tum
738 4048 920 4136 praecipue
940 4048 975 4114 in
995 4049 1125 4129 codice,
1144 4049 1200 4115 cui
1220 4070 1345 4117 nomeu
1363 4048 1465 4115 «Col-

237 4166 346 4237 lectio
363 4189 519 4233 romana»
543 4166 670 4247 evenit;
698 4175 734 4231 ut
762 4164 972 4275 comparanti
999 4173 1148 4229 nostram
1176 4162 1357 4231 editionem
1386 4184 1466 4229 cum

236 4282 449 4351 editionibus
464 4281 606 4349 aliorum
619 4280 708 4347 illico
723 4278 864 4367 patebit.
884 4280 984 4363 Quae
1000 4278 1139 4345 omissio
1156 4279 1248 4345 unde
1268 4289 1342 4345 orta
1363 4278 1466 4345 fuerit
1562 4327 1565 4331 ι

239 4410 304 4465 aut
333 4398 457 4483 quibus
483 4396 597 4463 causis
618 4394 809 4475 tribuenda,
833 4404 947 4461 utrum
969 4392 1060 4479 quia,
1085 4393 1210 4459 laboris
1230 4393 1466 4477 magnitudine

237 4514 397 4583 deterriti
418 4513 453 4595 ii,
472 4512 597 4598 quibus
624 4533 707 4578 cura
733 4510 947 4577 describendi
974 4508 1134 4595 epistolas
1157 4509 1359 4575 demandata
1388 4506 1464 4589 suit,

238 4641 375 4719 partem
388 4641 520 4697 tantum
533 4650 649 4697 earum
663 4626 953 4695 transcribendam
969 4624 1192 4710 susciperent,
1216 4646 1258 4690 an
1279 4623 1360 4709 quia
1380 4634 1467 4691 tem-

240 4745 338 4835 poris
357 4743 525 4831 angustiis
545 4752 791 4831 premerentur,
810 4741 883 4809 sive
899 4740 1036 4806 taudem
1051 4740 1142 4824 quia,
1165 4758 1244 4804 cum
1262 4737 1385 4824 Ignatii
1404 4759 1470 4804 no-
