<?xml version="1.0" encoding="UTF-8"?>
<!DOCTYPE html PUBLIC "-//W3C//DTD XHTML 1.0 Transitional//EN"
    "http://www.w3.org/TR/xhtml1/DTD/xhtml1-transitional.dtd">
<html xmlns="http://www.w3.org/1999/xhtml" xml:lang="en" lang="en">
 <head>
  <title>
</title>
<meta http-equiv="Content-Type" content="text/html;charset=utf-8" />
  <meta name='ocr-system' content='tesseract 3.04.00' />
  <meta name='ocr-capabilities' content='ocr_page ocr_carea ocr_par ocr_line ocrx_word'/>
</head>
<body>
  <div class='ocr_page' id='page_1' title='image "./monumentaignati04ignagoog_0785.png"; bbox 0 0 3625 5400; ppageno 0'>
   <div class='ocr_carea' id='block_1_1' title="bbox 623 456 1405 524">
    <p class='ocr_par' dir='ltr' id='par_1_1' title="bbox 623 456 1405 524">
     <span class='ocr_line' id='line_1_1' title="bbox 623 456 1405 524; baseline 0.02 -16"><span class='ocrx_word' id='word_1_1' title='bbox 623 456 831 511; x_wconf 79' lang='lat' dir='ltr'>Monutranrn</span> <span class='ocrx_word' id='word_1_2' title='bbox 850 457 1032 513; x_wconf 67' lang='lat' dir='ltr'>tentamur</span> <span class='ocrx_word' id='word_1_3' title='bbox 1352 467 1405 524; x_wconf 89' lang='grc'>777</span> 
     </span>
    </p>
   </div>
   <div class='ocr_carea' id='block_1_2' title="bbox 220 605 794 4685">
    <p class='ocr_par' dir='ltr' id='par_1_2' title="bbox 220 605 794 4685">
     <span class='ocr_line' id='line_1_2' title="bbox 234 605 790 677; baseline 0.004 -18"><span class='ocrx_word' id='word_1_4' title='bbox 234 606 389 676; x_wconf 89' lang='lat' dir='ltr'>luntatem,</span> <span class='ocrx_word' id='word_1_5' title='bbox 404 618 467 675; x_wconf 87' lang='lat'>214;</span> <span class='ocrx_word' id='word_1_6' title='bbox 480 605 612 677; x_wconf 80' lang='lat' dir='ltr'><strong>[gnatius</strong></span> <span class='ocrx_word' id='word_1_7' title='bbox 626 623 692 660; x_wconf 88' lang='lat' dir='ltr'>curn</span> <span class='ocrx_word' id='word_1_8' title='bbox 704 608 790 677; x_wconf 91' lang='lat' dir='ltr'>Joan-</span> 
     </span>
     <span class='ocr_line' id='line_1_3' title="bbox 234 694 788 766; baseline 0 -18"><span class='ocrx_word' id='word_1_9' title='bbox 234 710 271 748; x_wconf 90' lang='lat' dir='ltr'>ne</span> <span class='ocrx_word' id='word_1_10' title='bbox 290 694 331 748; x_wconf 93' lang='grc'>111</span> <span class='ocrx_word' id='word_1_11' title='bbox 349 694 508 765; x_wconf 81' lang='lat' dir='ltr'>diligenter</span> <span class='ocrx_word' id='word_1_12' title='bbox 526 712 560 749; x_wconf 90' lang='lat' dir='ltr'>ac</span> <span class='ocrx_word' id='word_1_13' title='bbox 580 703 700 750; x_wconf 91' lang='lat' dir='ltr'>strenue</span> <span class='ocrx_word' id='word_1_14' title='bbox 717 694 788 766; x_wconf 88' lang='lat' dir='ltr'>agit,</span> 
     </span>
     <span class='ocr_line' id='line_1_4' title="bbox 234 784 790 840; baseline 0.004 -3"><span class='ocrx_word' id='word_1_15' title='bbox 234 793 266 838; x_wconf 93' lang='lat' dir='ltr'>ut</span> <span class='ocrx_word' id='word_1_16' title='bbox 280 785 384 839; x_wconf 94' lang='lat' dir='ltr'>oborta</span> <span class='ocrx_word' id='word_1_17' title='bbox 400 784 524 840; x_wconf 90' lang='lat' dir='ltr'>discidia</span> <span class='ocrx_word' id='word_1_18' title='bbox 537 784 614 839; x_wconf 89' lang='lat' dir='ltr'>inter</span> <span class='ocrx_word' id='word_1_19' title='bbox 634 784 790 839; x_wconf 88' lang='lat' dir='ltr'>lusitanam</span> 
     </span>
     <span class='ocr_line' id='line_1_5' title="bbox 231 872 791 945; baseline 0.002 -19"><span class='ocrx_word' id='word_1_20' title='bbox 231 872 343 927; x_wconf 85' lang='lat' dir='ltr'>curiam</span> <span class='ocrx_word' id='word_1_21' title='bbox 354 881 384 927; x_wconf 93' lang='lat' dir='ltr'>et</span> <span class='ocrx_word' id='word_1_22' title='bbox 394 890 542 927; x_wconf 86' lang='lat' dir='ltr'>romanam</span> <span class='ocrx_word' id='word_1_23' title='bbox 553 884 720 945; x_wconf 90' lang='lat' dir='ltr'>componat,</span> <span class='ocrx_word' id='word_1_24' title='bbox 729 886 791 945; x_wconf 92' lang='grc'>192,</span> 
     </span>
     <span class='ocr_line' id='line_1_6' title="bbox 237 959 791 1035; baseline 0.005 -22"><span class='ocrx_word' id='word_1_25' title='bbox 237 972 298 1029; x_wconf 90' lang='grc'>194,</span> <span class='ocrx_word' id='word_1_26' title='bbox 321 959 386 1031; x_wconf 90' lang='grc'>321,</span> <span class='ocrx_word' id='word_1_27' title='bbox 408 959 471 1029; x_wconf 86' lang='grc'>323,</span> <span class='ocrx_word' id='word_1_28' title='bbox 492 960 556 1030; x_wconf 89' lang='grc'>346,</span> <span class='ocrx_word' id='word_1_29' title='bbox 579 960 643 1035; x_wconf 82' lang='grc'>3474</span> <span class='ocrx_word' id='word_1_30' title='bbox 665 962 791 1033; x_wconf 85' lang='lat' dir='ltr'>gratiam</span> 
     </span>
     <span class='ocr_line' id='line_1_7' title="bbox 234 1048 790 1107; baseline 0.009 -5"><span class='ocrx_word' id='word_1_31' title='bbox 234 1048 276 1102; x_wconf 88' lang='lat' dir='ltr'>illi</span> <span class='ocrx_word' id='word_1_32' title='bbox 293 1049 383 1105; x_wconf 88' lang='lat' dir='ltr'>habet</span> <span class='ocrx_word' id='word_1_33' title='bbox 400 1050 439 1105; x_wconf 94' lang='lat' dir='ltr'>ob</span> <span class='ocrx_word' id='word_1_34' title='bbox 458 1052 565 1105; x_wconf 90' lang='lat' dir='ltr'>collata</span> <span class='ocrx_word' id='word_1_35' title='bbox 584 1050 726 1105; x_wconf 91' lang='lat' dir='ltr'>Societati</span> <span class='ocrx_word' id='word_1_36' title='bbox 743 1052 790 1107; x_wconf 90' lang='lat' dir='ltr'>be-</span> 
     </span>
     <span class='ocr_line' id='line_1_8' title="bbox 233 1136 790 1211; baseline 0.007 -20"><span class='ocrx_word' id='word_1_37' title='bbox 233 1136 347 1207; x_wconf 88' lang='lat' dir='ltr'>neficia,</span> <span class='ocrx_word' id='word_1_38' title='bbox 365 1136 428 1209; x_wconf 83' lang='lat'>243,</span> <span class='ocrx_word' id='word_1_39' title='bbox 443 1152 506 1208; x_wconf 70' lang='grc'>2444</span> <span class='ocrx_word' id='word_1_40' title='bbox 520 1147 584 1193; x_wconf 88' lang='lat' dir='ltr'>orat</span> <span class='ocrx_word' id='word_1_41' title='bbox 598 1150 630 1194; x_wconf 92' lang='lat' dir='ltr'>ut</span> <span class='ocrx_word' id='word_1_42' title='bbox 643 1157 694 1211; x_wconf 88' lang='lat' dir='ltr'>per</span> <span class='ocrx_word' id='word_1_43' title='bbox 708 1140 790 1195; x_wconf 89' lang='lat' dir='ltr'>illum</span> 
     </span>
     <span class='ocr_line' id='line_1_9' title="bbox 234 1224 790 1283; baseline 0.007 -4"><span class='ocrx_word' id='word_1_44' title='bbox 234 1224 321 1280; x_wconf 89' lang='lat' dir='ltr'>liceat</span> <span class='ocrx_word' id='word_1_45' title='bbox 334 1224 523 1280; x_wconf 88' lang='lat' dir='ltr'>Rodericium</span> <span class='ocrx_word' id='word_1_46' title='bbox 536 1226 572 1280; x_wconf 90' lang='lat' dir='ltr'>ad</span> <span class='ocrx_word' id='word_1_47' title='bbox 584 1228 695 1283; x_wconf 86' lang='lat' dir='ltr'>Urbem</span> <span class='ocrx_word' id='word_1_48' title='bbox 709 1244 790 1283; x_wconf 89' lang='lat' dir='ltr'>acce·</span> 
     </span>
     <span class='ocr_line' id='line_1_10' title="bbox 231 1312 790 1385; baseline 0.007 -18"><span class='ocrx_word' id='word_1_49' title='bbox 231 1312 313 1382; x_wconf 89' lang='lat' dir='ltr'>dere,</span> <span class='ocrx_word' id='word_1_50' title='bbox 326 1314 389 1384; x_wconf 80' lang='lat'>2963</span> <span class='ocrx_word' id='word_1_51' title='bbox 405 1332 510 1385; x_wconf 88' lang='lat' dir='ltr'>magna</span> <span class='ocrx_word' id='word_1_52' title='bbox 519 1314 610 1370; x_wconf 90' lang='lat' dir='ltr'>animi</span> <span class='ocrx_word' id='word_1_53' title='bbox 620 1317 790 1372; x_wconf 80' lang='lat' dir='ltr'>sinceritate</span> 
     </span>
     <span class='ocr_line' id='line_1_11' title="bbox 220 1402 790 1473; baseline 0.009 -19"><span class='ocrx_word' id='word_1_54' title='bbox 220 1402 328 1472; x_wconf 64' lang='lat' dir='ltr'>»aperit</span> <span class='ocrx_word' id='word_1_55' title='bbox 345 1420 418 1473; x_wconf 89' lang='lat' dir='ltr'>quas</span> <span class='ocrx_word' id='word_1_56' title='bbox 432 1404 462 1457; x_wconf 94' lang='lat' dir='ltr'>in</span> <span class='ocrx_word' id='word_1_57' title='bbox 476 1404 537 1457; x_wconf 88' lang='lat' dir='ltr'>vita</span> <span class='ocrx_word' id='word_1_58' title='bbox 549 1421 603 1459; x_wconf 90' lang='lat' dir='ltr'>sua</span> <span class='ocrx_word' id='word_1_59' title='bbox 617 1405 790 1460; x_wconf 87' lang='lat' dir='ltr'>vexationes</span> 
     </span>
     <span class='ocr_line' id='line_1_12' title="bbox 235 1490 791 1564; baseline 0.007 -20"><span class='ocrx_word' id='word_1_60' title='bbox 235 1490 401 1562; x_wconf 88' lang='lat' dir='ltr'>pertulerit,</span> <span class='ocrx_word' id='word_1_61' title='bbox 419 1492 481 1562; x_wconf 76' lang='lat'>2963</span> <span class='ocrx_word' id='word_1_62' title='bbox 501 1493 565 1559; x_wconf 83' lang='lat' dir='ltr'>regi</span> <span class='ocrx_word' id='word_1_63' title='bbox 588 1492 736 1564; x_wconf 86' lang='lat' dir='ltr'>significat</span> <span class='ocrx_word' id='word_1_64' title='bbox 758 1511 791 1549; x_wconf 91' lang='lat' dir='ltr'>se</span> 
     </span>
     <span class='ocr_line' id='line_1_13' title="bbox 233 1580 791 1654; baseline 0.007 -21"><span class='ocrx_word' id='word_1_65' title='bbox 233 1580 389 1652; x_wconf 89' lang='lat' dir='ltr'>sociosque</span> <span class='ocrx_word' id='word_1_66' title='bbox 408 1597 511 1635; x_wconf 90' lang='lat' dir='ltr'>omnes</span> <span class='ocrx_word' id='word_1_67' title='bbox 527 1581 562 1635; x_wconf 91' lang='lat' dir='ltr'>ad</span> <span class='ocrx_word' id='word_1_68' title='bbox 577 1582 621 1637; x_wconf 92' lang='lat' dir='ltr'>illi</span> <span class='ocrx_word' id='word_1_69' title='bbox 638 1584 791 1654; x_wconf 88' lang='lat' dir='ltr'>obtempe-</span> 
     </span>
     <span class='ocr_line' id='line_1_14' title="bbox 235 1666 791 1742; baseline 0.007 -21"><span class='ocrx_word' id='word_1_70' title='bbox 235 1666 358 1723; x_wconf 87' lang='lat' dir='ltr'>randum</span> <span class='ocrx_word' id='word_1_71' title='bbox 368 1686 435 1723; x_wconf 88' lang='lat' dir='ltr'>esse</span> <span class='ocrx_word' id='word_1_72' title='bbox 446 1678 573 1741; x_wconf 90' lang='lat' dir='ltr'>paratos,</span> <span class='ocrx_word' id='word_1_73' title='bbox 586 1683 649 1739; x_wconf 82' lang='lat'>4273</span> <span class='ocrx_word' id='word_1_74' title='bbox 664 1678 746 1742; x_wconf 90' lang='lat' dir='ltr'>optat</span> <span class='ocrx_word' id='word_1_75' title='bbox 759 1680 791 1725; x_wconf 89' lang='lat' dir='ltr'>ut</span> 
     </span>
     <span class='ocr_line' id='line_1_15' title="bbox 236 1758 791 1832; baseline 0.007 -20"><span class='ocrx_word' id='word_1_76' title='bbox 236 1776 252 1812; x_wconf 93' lang='lat' dir='ltr'>e</span> <span class='ocrx_word' id='word_1_77' title='bbox 270 1758 451 1829; x_wconf 88' lang='lat' dir='ltr'>Portugallia</span> <span class='ocrx_word' id='word_1_78' title='bbox 469 1760 566 1815; x_wconf 91' lang='lat' dir='ltr'>socios</span> <span class='ocrx_word' id='word_1_79' title='bbox 583 1763 696 1832; x_wconf 81' lang='lat' dir='ltr'>aliquot</span> <span class='ocrx_word' id='word_1_80' title='bbox 714 1761 791 1816; x_wconf 90' lang='lat' dir='ltr'>sinat</span> 
     </span>
     <span class='ocr_line' id='line_1_16' title="bbox 235 1847 791 1922; baseline 0.005 -21"><span class='ocrx_word' id='word_1_81' title='bbox 235 1847 348 1917; x_wconf 79' lang='lat' dir='ltr'>egredi,</span> <span class='ocrx_word' id='word_1_82' title='bbox 367 1848 498 1918; x_wconf 63' lang='lat' dir='ltr'>osanam</span> <span class='ocrx_word' id='word_1_83' title='bbox 518 1849 665 1904; x_wconf 88' lang='lat' dir='ltr'>Andream</span> <span class='ocrx_word' id='word_1_84' title='bbox 686 1850 791 1922; x_wconf 88' lang='lat' dir='ltr'>Lippo·</span> 
     </span>
     <span class='ocr_line' id='line_1_17' title="bbox 238 1939 791 2009; baseline 0.007 -20"><span class='ocrx_word' id='word_1_85' title='bbox 238 1953 355 1992; x_wconf 88' lang='lat' dir='ltr'>manum</span> <span class='ocrx_word' id='word_1_86' title='bbox 367 1948 452 2009; x_wconf 88' lang='lat' dir='ltr'>rogat</span> <span class='ocrx_word' id='word_1_87' title='bbox 465 1939 596 2009; x_wconf 88' lang='lat' dir='ltr'>Ignatius</span> <span class='ocrx_word' id='word_1_88' title='bbox 616 1940 688 1993; x_wconf 91' lang='lat' dir='ltr'>velit</span> <span class='ocrx_word' id='word_1_89' title='bbox 702 1941 791 1993; x_wconf 90' lang='lat' dir='ltr'>bono·</span> 
     </span>
     <span class='ocr_line' id='line_1_18' title="bbox 235 2027 792 2098; baseline 0.007 -20"><span class='ocrx_word' id='word_1_90' title='bbox 235 2042 299 2079; x_wconf 89' lang='lat' dir='ltr'>rum</span> <span class='ocrx_word' id='word_1_91' title='bbox 310 2042 440 2091; x_wconf 90' lang='lat' dir='ltr'>suorum,</span> <span class='ocrx_word' id='word_1_92' title='bbox 455 2044 530 2098; x_wconf 91' lang='lat' dir='ltr'>quae</span> <span class='ocrx_word' id='word_1_93' title='bbox 541 2027 684 2082; x_wconf 89' lang='lat' dir='ltr'>Societati</span> <span class='ocrx_word' id='word_1_94' title='bbox 694 2044 792 2083; x_wconf 90' lang='lat' dir='ltr'>cesse·</span> 
     </span>
     <span class='ocr_line' id='line_1_19' title="bbox 235 2115 791 2186; baseline 0.009 -18"><span class='ocrx_word' id='word_1_95' title='bbox 235 2122 296 2185; x_wconf 90' lang='lat' dir='ltr'>rat,</span> <span class='ocrx_word' id='word_1_96' title='bbox 331 2115 618 2172; x_wconf 83' lang='lat' dir='ltr'>administrationem</span> <span class='ocrx_word' id='word_1_97' title='bbox 649 2117 791 2186; x_wconf 88' lang='lat' dir='ltr'>retinere,</span> 
     </span>
     <span class='ocr_line' id='line_1_20' title="bbox 237 2200 793 2277; baseline 0.007 -20"><span class='ocrx_word' id='word_1_98' title='bbox 237 2200 306 2270; x_wconf 88' lang='grc'>366,</span> <span class='ocrx_word' id='word_1_99' title='bbox 329 2202 396 2276; x_wconf 78' lang='grc'>3674</span> <span class='ocrx_word' id='word_1_100' title='bbox 420 2206 593 2261; x_wconf 88' lang='lat' dir='ltr'>Bertranum</span> <span class='ocrx_word' id='word_1_101' title='bbox 619 2206 656 2261; x_wconf 93' lang='lat' dir='ltr'>de</span> <span class='ocrx_word' id='word_1_102' title='bbox 683 2206 793 2277; x_wconf 91' lang='lat' dir='ltr'>Loyola</span> 
     </span>
     <span class='ocr_line' id='line_1_21' title="bbox 237 2293 791 2365; baseline 0.013 -19"><span class='ocrx_word' id='word_1_103' title='bbox 237 2293 369 2347; x_wconf 87' lang='lat' dir='ltr'>hortatur</span> <span class='ocrx_word' id='word_1_104' title='bbox 401 2304 433 2348; x_wconf 91' lang='lat' dir='ltr'>ut</span> <span class='ocrx_word' id='word_1_105' title='bbox 465 2296 642 2365; x_wconf 84' lang='lat' dir='ltr'>Aemiliana,</span> <span class='ocrx_word' id='word_1_106' title='bbox 672 2297 791 2353; x_wconf 87' lang='lat' dir='ltr'>Parisiis</span> 
     </span>
     <span class='ocr_line' id='line_1_22' title="bbox 236 2384 792 2453; baseline 0.013 -18"><span class='ocrx_word' id='word_1_107' title='bbox 236 2398 356 2452; x_wconf 86' lang='lat' dir='ltr'>operam</span> <span class='ocrx_word' id='word_1_108' title='bbox 381 2385 487 2439; x_wconf 90' lang='lat' dir='ltr'>studiis</span> <span class='ocrx_word' id='word_1_109' title='bbox 509 2384 602 2453; x_wconf 87' lang='lat' dir='ltr'>danti,</span> <span class='ocrx_word' id='word_1_110' title='bbox 626 2387 792 2442; x_wconf 85' lang='lat' dir='ltr'>necessaria</span> 
     </span>
     <span class='ocr_line' id='line_1_23' title="bbox 239 2471 793 2545; baseline 0.011 -19"><span class='ocrx_word' id='word_1_111' title='bbox 239 2471 401 2541; x_wconf 88' lang='lat' dir='ltr'>provideat,</span> <span class='ocrx_word' id='word_1_112' title='bbox 437 2474 496 2540; x_wconf 87' lang='lat'>188,</span> <span class='ocrx_word' id='word_1_113' title='bbox 532 2476 597 2545; x_wconf 85' lang='lat'>1893</span> <span class='ocrx_word' id='word_1_114' title='bbox 631 2478 793 2532; x_wconf 89' lang='lat' dir='ltr'>Eleonorae</span> 
     </span>
     <span class='ocr_line' id='line_1_24' title="bbox 238 2560 793 2621; baseline 0.009 -6"><span class='ocrx_word' id='word_1_115' title='bbox 238 2560 436 2618; x_wconf 89' lang='lat' dir='ltr'>Mascareniae</span> <span class='ocrx_word' id='word_1_116' title='bbox 454 2564 556 2620; x_wconf 88' lang='lat' dir='ltr'>Patres</span> <span class='ocrx_word' id='word_1_117' title='bbox 573 2564 749 2621; x_wconf 89' lang='lat' dir='ltr'>Turrianum</span> <span class='ocrx_word' id='word_1_118' title='bbox 763 2572 793 2620; x_wconf 91' lang='lat' dir='ltr'>et</span> 
     </span>
     <span class='ocr_line' id='line_1_25' title="bbox 238 2651 793 2728; baseline 0.009 -23"><span class='ocrx_word' id='word_1_119' title='bbox 238 2651 410 2708; x_wconf 87' lang='lat' dir='ltr'>Mendozam</span> <span class='ocrx_word' id='word_1_120' title='bbox 426 2654 624 2726; x_wconf 85' lang='lat' dir='ltr'>commendat,</span> <span class='ocrx_word' id='word_1_121' title='bbox 638 2668 701 2726; x_wconf 82' lang='lat'>4143</span> <span class='ocrx_word' id='word_1_122' title='bbox 715 2654 793 2728; x_wconf 91' lang='lat' dir='ltr'>quod</span> 
     </span>
     <span class='ocr_line' id='line_1_26' title="bbox 238 2741 793 2816; baseline 0.009 -21"><span class='ocrx_word' id='word_1_123' title='bbox 238 2741 287 2795; x_wconf 89' lang='lat' dir='ltr'>illa</span> <span class='ocrx_word' id='word_1_124' title='bbox 305 2742 413 2811; x_wconf 87' lang='lat' dir='ltr'>Caroli,</span> <span class='ocrx_word' id='word_1_125' title='bbox 427 2744 577 2816; x_wconf 87' lang='lat' dir='ltr'>principis,</span> <span class='ocrx_word' id='word_1_126' title='bbox 590 2755 690 2800; x_wconf 91' lang='lat' dir='ltr'>custos</span> <span class='ocrx_word' id='word_1_127' title='bbox 704 2745 793 2800; x_wconf 82' lang='lat' dir='ltr'>fuerit</span> 
     </span>
     <span class='ocr_line' id='line_1_27' title="bbox 236 2829 794 2906; baseline 0.013 -22"><span class='ocrx_word' id='word_1_128' title='bbox 236 2829 405 2905; x_wconf 86' lang='lat' dir='ltr'>designata,</span> <span class='ocrx_word' id='word_1_129' title='bbox 435 2835 610 2904; x_wconf 83' lang='lat' dir='ltr'>gratulatur,</span> <span class='ocrx_word' id='word_1_130' title='bbox 642 2833 710 2906; x_wconf 77' lang='lat'>3¹93</span> <span class='ocrx_word' id='word_1_131' title='bbox 741 2851 794 2906; x_wconf 92' lang='lat' dir='ltr'>pro</span> 
     </span>
     <span class='ocr_line' id='line_1_28' title="bbox 240 2921 792 2992; baseline 0.009 -19"><span class='ocrx_word' id='word_1_132' title='bbox 240 2921 384 2976; x_wconf 90' lang='lat' dir='ltr'>Eleonora</span> <span class='ocrx_word' id='word_1_133' title='bbox 402 2921 439 2975; x_wconf 92' lang='lat' dir='ltr'>de</span> <span class='ocrx_word' id='word_1_134' title='bbox 461 2921 567 2980; x_wconf 89' lang='lat' dir='ltr'>Osorio</span> <span class='ocrx_word' id='word_1_135' title='bbox 583 2925 792 2992; x_wconf 88' lang='lat' dir='ltr'>Mascareniae,</span> 
     </span>
     <span class='ocr_line' id='line_1_29' title="bbox 237 3010 793 3084; baseline 0.011 -20"><span class='ocrx_word' id='word_1_136' title='bbox 237 3010 449 3080; x_wconf 86' lang='lat' dir='ltr'>negligentiam</span> <span class='ocrx_word' id='word_1_137' title='bbox 468 3012 497 3066; x_wconf 92' lang='lat' dir='ltr'>in</span> <span class='ocrx_word' id='word_1_138' title='bbox 515 3022 654 3084; x_wconf 85' lang='lat' dir='ltr'>suscepto</span> <span class='ocrx_word' id='word_1_139' title='bbox 672 3014 793 3084; x_wconf 89' lang='lat' dir='ltr'>negotio</span> 
     </span>
     <span class='ocr_line' id='line_1_30' title="bbox 236 3099 792 3171; baseline 0.011 -20"><span class='ocrx_word' id='word_1_140' title='bbox 236 3099 408 3171; x_wconf 86' lang='lat' dir='ltr'>suspicanti,</span> <span class='ocrx_word' id='word_1_141' title='bbox 435 3100 553 3170; x_wconf 86' lang='lat' dir='ltr'>scribit,</span> <span class='ocrx_word' id='word_1_142' title='bbox 579 3099 647 3170; x_wconf 81' lang='lat'>3563</span> <span class='ocrx_word' id='word_1_143' title='bbox 674 3119 792 3157; x_wconf 88' lang='lat' dir='ltr'>causam</span> 
     </span>
     <span class='ocr_line' id='line_1_31' title="bbox 238 3187 793 3262; baseline 0.005 -20"><span class='ocrx_word' id='word_1_144' title='bbox 238 3187 378 3258; x_wconf 87' lang='lat' dir='ltr'>Mathiae,</span> <span class='ocrx_word' id='word_1_145' title='bbox 391 3205 543 3244; x_wconf 86' lang='lat' dir='ltr'>cursorum</span> <span class='ocrx_word' id='word_1_146' title='bbox 566 3189 708 3262; x_wconf 87' lang='lat' dir='ltr'>magistri,</span> <span class='ocrx_word' id='word_1_147' title='bbox 726 3189 793 3261; x_wconf 86' lang='lat' dir='ltr'>jure</span> 
     </span>
     <span class='ocr_line' id='line_1_32' title="bbox 238 3267 791 3349; baseline 0.005 -18"><span class='ocrx_word' id='word_1_148' title='bbox 238 3279 301 3332; x_wconf 91' lang='lat' dir='ltr'>vult</span> <span class='ocrx_word' id='word_1_149' title='bbox 322 3278 381 3349; x_wconf 85' lang='lat' dir='ltr'>agi,</span> <span class='ocrx_word' id='word_1_150' title='bbox 401 3277 465 3347; x_wconf 82' lang='lat'><strong>4363</strong></span> <span class='ocrx_word' id='word_1_151' title='bbox 486 3267 659 3335; x_wconf 71' lang='lat' dir='ltr'>B⁸ernardini</span> <span class='ocrx_word' id='word_1_152' title='bbox 683 3279 791 3338; x_wconf 90' lang='lat' dir='ltr'>Ochini</span> 
     </span>
     <span class='ocr_line' id='line_1_33' title="bbox 236 3366 792 3441; baseline 0.007 -20"><span class='ocrx_word' id='word_1_153' title='bbox 236 3366 350 3422; x_wconf 83' lang='lat' dir='ltr'>litteras</span> <span class='ocrx_word' id='word_1_154' title='bbox 361 3375 430 3422; x_wconf 88' lang='lat' dir='ltr'>avet</span> <span class='ocrx_word' id='word_1_155' title='bbox 440 3369 623 3441; x_wconf 88' lang='lat' dir='ltr'>accipere,ut</span> <span class='ocrx_word' id='word_1_156' title='bbox 633 3369 670 3424; x_wconf 90' lang='lat' dir='ltr'>de</span> <span class='ocrx_word' id='word_1_157' title='bbox 681 3369 746 3440; x_wconf 88' lang='lat' dir='ltr'>ejus</span> <span class='ocrx_word' id='word_1_158' title='bbox 756 3370 792 3425; x_wconf 89' lang='lat' dir='ltr'>ad</span> 
     </span>
     <span class='ocr_line' id='line_1_34' title="bbox 236 3455 792 3530; baseline 0.005 -20"><span class='ocrx_word' id='word_1_159' title='bbox 236 3455 325 3511; x_wconf 88' lang='lat' dir='ltr'>fidem</span> <span class='ocrx_word' id='word_1_160' title='bbox 353 3457 524 3512; x_wconf 88' lang='lat' dir='ltr'>reductione</span> <span class='ocrx_word' id='word_1_161' title='bbox 554 3475 621 3512; x_wconf 90' lang='lat' dir='ltr'>curn</span> <span class='ocrx_word' id='word_1_162' title='bbox 653 3457 792 3530; x_wconf 86' lang='lat' dir='ltr'>pontifice</span> 
     </span>
     <span class='ocr_line' id='line_1_35' title="bbox 236 3542 793 3614; baseline 0.007 -17"><span class='ocrx_word' id='word_1_163' title='bbox 236 3553 316 3614; x_wconf 80' lang='lat' dir='ltr'>agat,</span> <span class='ocrx_word' id='word_1_164' title='bbox 339 3542 403 3614; x_wconf 87' lang='grc'>343,</span> <span class='ocrx_word' id='word_1_165' title='bbox 423 3543 487 3614; x_wconf 88' lang='grc'>344;</span> <span class='ocrx_word' id='word_1_166' title='bbox 503 3545 623 3600; x_wconf 90' lang='lat' dir='ltr'>Petrum</span> <span class='ocrx_word' id='word_1_167' title='bbox 646 3546 793 3600; x_wconf 85' lang='lat' dir='ltr'>Peraltam</span> 
     </span>
     <span class='ocr_line' id='line_1_36' title="bbox 236 3631 791 3707; baseline 0.004 -21"><span class='ocrx_word' id='word_1_168' title='bbox 236 3631 384 3702; x_wconf 88' lang='lat' dir='ltr'>admonet,</span> <span class='ocrx_word' id='word_1_169' title='bbox 407 3634 471 3704; x_wconf 74' lang='lat'>629,</span> <span class='ocrx_word' id='word_1_170' title='bbox 492 3651 559 3689; x_wconf 90' lang='lat' dir='ltr'>cum</span> <span class='ocrx_word' id='word_1_171' title='bbox 582 3634 727 3707; x_wconf 89' lang='lat' dir='ltr'>Philippo,</span> <span class='ocrx_word' id='word_1_172' title='bbox 740 3634 791 3688; x_wconf 92' lang='lat' dir='ltr'>Hi-</span> 
     </span>
     <span class='ocr_line' id='line_1_37' title="bbox 236 3723 793 3796; baseline 0.002 -18"><span class='ocrx_word' id='word_1_173' title='bbox 236 3723 355 3795; x_wconf 85' lang='lat' dir='ltr'>spaniae</span> <span class='ocrx_word' id='word_1_174' title='bbox 366 3723 588 3796; x_wconf 87' lang='lat' dir='ltr'>principe,agit,</span> <span class='ocrx_word' id='word_1_175' title='bbox 599 3733 631 3779; x_wconf 91' lang='lat' dir='ltr'>ut</span> <span class='ocrx_word' id='word_1_176' title='bbox 641 3724 793 3796; x_wconf 89' lang='lat' dir='ltr'>permittat</span> 
     </span>
     <span class='ocr_line' id='line_1_38' title="bbox 237 3811 791 3885; baseline 0.002 -19"><span class='ocrx_word' id='word_1_177' title='bbox 237 3811 364 3866; x_wconf 87' lang='lat' dir='ltr'>Fabrum</span> <span class='ocrx_word' id='word_1_178' title='bbox 386 3814 468 3867; x_wconf 85' lang='lat' dir='ltr'>exire</span> <span class='ocrx_word' id='word_1_179' title='bbox 491 3831 527 3867; x_wconf 88' lang='lat' dir='ltr'>err</span> <span class='ocrx_word' id='word_1_180' title='bbox 551 3812 705 3885; x_wconf 86' lang='lat' dir='ltr'>Hispania,</span> <span class='ocrx_word' id='word_1_181' title='bbox 726 3812 791 3884; x_wconf 89' lang='grc'>359-</span> 
     </span>
     <span class='ocr_line' id='line_1_39' title="bbox 236 3900 792 3974; baseline 0.005 -20"><span class='ocrx_word' id='word_1_182' title='bbox 236 3900 299 3969; x_wconf 86' lang='grc'>361,</span> <span class='ocrx_word' id='word_1_183' title='bbox 323 3900 386 3971; x_wconf 84' lang='grc'>732;</span> <span class='ocrx_word' id='word_1_184' title='bbox 403 3902 445 3956; x_wconf 93' lang='lat' dir='ltr'>illi</span> <span class='ocrx_word' id='word_1_185' title='bbox 467 3901 615 3973; x_wconf 85' lang='lat' dir='ltr'>pontilicis</span> <span class='ocrx_word' id='word_1_186' title='bbox 633 3900 792 3974; x_wconf 88' lang='lat' dir='ltr'>diplomata</span> 
     </span>
     <span class='ocr_line' id='line_1_40' title="bbox 237 3991 791 4046; baseline 0 0"><span class='ocrx_word' id='word_1_187' title='bbox 237 3991 327 4046; x_wconf 89' lang='lat' dir='ltr'>mittit</span> <span class='ocrx_word' id='word_1_188' title='bbox 352 3991 388 4046; x_wconf 93' lang='lat' dir='ltr'>de</span> <span class='ocrx_word' id='word_1_189' title='bbox 410 3991 563 4046; x_wconf 88' lang='lat' dir='ltr'>coenobiis</span> <span class='ocrx_word' id='word_1_190' title='bbox 586 3991 791 4046; x_wconf 89' lang='lat' dir='ltr'>sanctimonia·</span> 
     </span>
     <span class='ocr_line' id='line_1_41' title="bbox 236 4074 792 4131; baseline -0.004 0"><span class='ocrx_word' id='word_1_191' title='bbox 236 4074 307 4131; x_wconf 90' lang='lat' dir='ltr'>lium</span> <span class='ocrx_word' id='word_1_192' title='bbox 325 4076 589 4131; x_wconf 85' lang='lat' dir='ltr'>barcinonensibus</span> <span class='ocrx_word' id='word_1_193' title='bbox 607 4075 644 4130; x_wconf 90' lang='lat' dir='ltr'>ad</span> <span class='ocrx_word' id='word_1_194' title='bbox 662 4075 792 4131; x_wconf 89' lang='lat' dir='ltr'>severio-</span> 
     </span>
     <span class='ocr_line' id='line_1_42' title="bbox 236 4165 791 4238; baseline 0 -20"><span class='ocrx_word' id='word_1_195' title='bbox 236 4183 299 4220; x_wconf 90' lang='lat' dir='ltr'>rem</span> <span class='ocrx_word' id='word_1_196' title='bbox 311 4165 498 4238; x_wconf 87' lang='lat' dir='ltr'>disciplinam</span> <span class='ocrx_word' id='word_1_197' title='bbox 512 4165 712 4236; x_wconf 87' lang='lat' dir='ltr'>traducendis,</span> <span class='ocrx_word' id='word_1_198' title='bbox 726 4177 791 4234; x_wconf 82' lang='lat'>7153</span> 
     </span>
     <span class='ocr_line' id='line_1_43' title="bbox 235 4254 790 4311; baseline -0.004 -1"><span class='ocrx_word' id='word_1_199' title='bbox 235 4255 272 4311; x_wconf 92' lang='lat' dir='ltr'>de</span> <span class='ocrx_word' id='word_1_200' title='bbox 286 4256 401 4310; x_wconf 89' lang='lat' dir='ltr'>illorum</span> <span class='ocrx_word' id='word_1_201' title='bbox 420 4254 628 4310; x_wconf 88' lang='lat' dir='ltr'>emendatione</span> <span class='ocrx_word' id='word_1_202' title='bbox 646 4255 790 4310; x_wconf 91' lang='lat' dir='ltr'>sollicitus</span> 
     </span>
     <span class='ocr_line' id='line_1_44' title="bbox 236 4343 793 4415; baseline -0.002 -17"><span class='ocrx_word' id='word_1_203' title='bbox 236 4344 369 4415; x_wconf 88' lang='lat' dir='ltr'>Ignatius</span> <span class='ocrx_word' id='word_1_204' title='bbox 380 4353 436 4413; x_wconf 89' lang='lat' dir='ltr'>est,</span> <span class='ocrx_word' id='word_1_205' title='bbox 447 4343 511 4412; x_wconf 86' lang='lat'>333;</span> <span class='ocrx_word' id='word_1_206' title='bbox 522 4345 694 4400; x_wconf 79' lang='lat' dir='ltr'>Therasiam</span> <span class='ocrx_word' id='word_1_207' title='bbox 708 4343 793 4414; x_wconf 85' lang='lat' dir='ltr'>Reja·</span> 
     </span>
     <span class='ocr_line' id='line_1_45' title="bbox 235 4432 792 4506; baseline -0.004 -18"><span class='ocrx_word' id='word_1_208' title='bbox 235 4433 343 4489; x_wconf 88' lang='lat' dir='ltr'>dellam</span> <span class='ocrx_word' id='word_1_209' title='bbox 360 4434 479 4506; x_wconf 92' lang='lat' dir='ltr'>optimis</span> <span class='ocrx_word' id='word_1_210' title='bbox 496 4433 682 4488; x_wconf 83' lang='lat' dir='ltr'>documentis</span> <span class='ocrx_word' id='word_1_211' title='bbox 705 4432 792 4488; x_wconf 82' lang='lat' dir='ltr'>infor·</span> 
     </span>
     <span class='ocr_line' id='line_1_46' title="bbox 237 4521 792 4594; baseline -0.005 -16"><span class='ocrx_word' id='word_1_212' title='bbox 237 4523 646 4594; x_wconf 77' lang='grc'>11121,99169,274,275,627,</span> <span class='ocrx_word' id='word_1_213' title='bbox 660 4521 792 4582; x_wconf 72' lang='grc'>62811377-</span> 
     </span>
     <span class='ocr_line' id='line_1_47' title="bbox 235 4611 793 4685; baseline -0.002 -17"><span class='ocrx_word' id='word_1_214' title='bbox 235 4615 388 4670; x_wconf 87' lang='lat' dir='ltr'>sabetham</span> <span class='ocrx_word' id='word_1_215' title='bbox 396 4613 490 4668; x_wconf 91' lang='lat' dir='ltr'>Roser</span> <span class='ocrx_word' id='word_1_216' title='bbox 500 4611 562 4667; x_wconf 90' lang='lat' dir='ltr'>voti</span> <span class='ocrx_word' id='word_1_217' title='bbox 573 4611 793 4685; x_wconf 85' lang='lat' dir='ltr'>religione,quo</span> 
     </span>
    </p>
   </div>
   <div class='ocr_carea' id='block_1_3' title="bbox 865 605 1441 2724">
    <p class='ocr_par' dir='ltr' id='par_1_3' title="bbox 865 605 1441 2724">
     <span class='ocr_line' id='line_1_48' title="bbox 883 605 1439 679; baseline -0.002 -17"><span class='ocrx_word' id='word_1_218' title='bbox 883 608 927 662; x_wconf 93' lang='lat' dir='ltr'>illi</span> <span class='ocrx_word' id='word_1_219' title='bbox 952 607 1204 679; x_wconf 88' lang='lat' dir='ltr'>adstringebatur,</span> <span class='ocrx_word' id='word_1_220' title='bbox 1227 606 1347 662; x_wconf 88' lang='lat' dir='ltr'>omnino</span> <span class='ocrx_word' id='word_1_221' title='bbox 1365 605 1439 661; x_wconf 92' lang='lat' dir='ltr'>libe-</span> 
     </span>
     <span class='ocr_line' id='line_1_49' title="bbox 882 694 1441 767; baseline -0.002 -18"><span class='ocrx_word' id='word_1_222' title='bbox 882 704 939 765; x_wconf 88' lang='lat' dir='ltr'>rat,</span> <span class='ocrx_word' id='word_1_223' title='bbox 952 706 1016 767; x_wconf 85' lang='grc'>4244</span> <span class='ocrx_word' id='word_1_224' title='bbox 1031 702 1097 749; x_wconf 89' lang='lat' dir='ltr'>acta</span> <span class='ocrx_word' id='word_1_225' title='bbox 1110 694 1140 749; x_wconf 93' lang='lat' dir='ltr'>in</span> <span class='ocrx_word' id='word_1_226' title='bbox 1152 711 1242 749; x_wconf 88' lang='lat' dir='ltr'>causa</span> <span class='ocrx_word' id='word_1_227' title='bbox 1255 694 1334 749; x_wconf 89' lang='lat' dir='ltr'>illius</span> <span class='ocrx_word' id='word_1_228' title='bbox 1347 694 1441 766; x_wconf 86' lang='lat' dir='ltr'>expli-</span> 
     </span>
     <span class='ocr_line' id='line_1_50' title="bbox 881 782 1441 867; baseline -0.002 -29"><span class='ocrx_word' id='word_1_229' title='bbox 881 792 939 855; x_wconf 88' lang='lat' dir='ltr'>cat,</span> <span class='ocrx_word' id='word_1_230' title='bbox 964 782 1100 867; x_wconf 83' lang='grc'>488-4934</span> <span class='ocrx_word' id='word_1_231' title='bbox 1118 783 1196 855; x_wconf 89' lang='lat' dir='ltr'>apud</span> <span class='ocrx_word' id='word_1_232' title='bbox 1215 782 1384 839; x_wconf 84' lang='lat' dir='ltr'>sacerdotes</span> <span class='ocrx_word' id='word_1_233' title='bbox 1403 782 1441 837; x_wconf 94' lang='lat' dir='ltr'>de</span> 
     </span>
     <span class='ocr_line' id='line_1_51' title="bbox 883 870 1436 944; baseline -0.002 -17"><span class='ocrx_word' id='word_1_234' title='bbox 883 872 1042 943; x_wconf 84' lang='lat' dir='ltr'>Somasclra</span> <span class='ocrx_word' id='word_1_235' title='bbox 1067 890 1100 927; x_wconf 90' lang='lat' dir='ltr'>se</span> <span class='ocrx_word' id='word_1_236' title='bbox 1126 879 1249 927; x_wconf 82' lang='lat' dir='ltr'>excusat</span> <span class='ocrx_word' id='word_1_237' title='bbox 1274 870 1352 944; x_wconf 91' lang='lat' dir='ltr'>quod</span> <span class='ocrx_word' id='word_1_238' title='bbox 1375 888 1436 942; x_wconf 87' lang='lat' dir='ltr'>eos,</span> 
     </span>
     <span class='ocr_line' id='line_1_52' title="bbox 882 961 1440 1033; baseline -0.002 -17"><span class='ocrx_word' id='word_1_239' title='bbox 882 979 948 1016; x_wconf 89' lang='lat' dir='ltr'>cum</span> <span class='ocrx_word' id='word_1_240' title='bbox 960 961 1109 1017; x_wconf 89' lang='lat' dir='ltr'>Societate</span> <span class='ocrx_word' id='word_1_241' title='bbox 1119 961 1150 1016; x_wconf 92' lang='lat' dir='ltr'>in</span> <span class='ocrx_word' id='word_1_242' title='bbox 1160 978 1251 1015; x_wconf 91' lang='lat' dir='ltr'>unum</span> <span class='ocrx_word' id='word_1_243' title='bbox 1259 976 1440 1033; x_wconf 88' lang='lat' dir='ltr'>corpuscoa·</span> 
     </span>
     <span class='ocr_line' id='line_1_53' title="bbox 881 1049 1439 1122; baseline -0.002 -18"><span class='ocrx_word' id='word_1_244' title='bbox 881 1051 996 1105; x_wconf 90' lang='lat' dir='ltr'>lescere</span> <span class='ocrx_word' id='word_1_245' title='bbox 1017 1050 1182 1122; x_wconf 90' lang='lat' dir='ltr'>cupientes,</span> <span class='ocrx_word' id='word_1_246' title='bbox 1207 1068 1266 1105; x_wconf 92' lang='lat' dir='ltr'>non</span> <span class='ocrx_word' id='word_1_247' title='bbox 1291 1049 1439 1119; x_wconf 90' lang='lat' dir='ltr'>admittat,</span> 
     </span>
     <span class='ocr_line' id='line_1_54' title="bbox 881 1137 1439 1210; baseline -0.002 -17"><span class='ocrx_word' id='word_1_248' title='bbox 881 1152 945 1209; x_wconf 83' lang='lat'>474,</span> <span class='ocrx_word' id='word_1_249' title='bbox 959 1152 1023 1210; x_wconf 84' lang='lat'><strong>4753</strong></span> <span class='ocrx_word' id='word_1_250' title='bbox 1037 1140 1104 1194; x_wconf 91' lang='lat' dir='ltr'>illos</span> <span class='ocrx_word' id='word_1_251' title='bbox 1123 1148 1155 1194; x_wconf 87' lang='lat' dir='ltr'>ut</span> <span class='ocrx_word' id='word_1_252' title='bbox 1172 1137 1312 1194; x_wconf 89' lang='lat' dir='ltr'>theatinis</span> <span class='ocrx_word' id='word_1_253' title='bbox 1335 1155 1439 1193; x_wconf 89' lang='lat' dir='ltr'>conso-</span> 
     </span>
     <span class='ocr_line' id='line_1_55' title="bbox 881 1227 1439 1299; baseline -0.004 -15"><span class='ocrx_word' id='word_1_254' title='bbox 881 1230 997 1284; x_wconf 87' lang='lat' dir='ltr'>cientur</span> <span class='ocrx_word' id='word_1_255' title='bbox 1018 1227 1214 1299; x_wconf 88' lang='lat' dir='ltr'>commendat,</span> <span class='ocrx_word' id='word_1_256' title='bbox 1233 1227 1298 1299; x_wconf 91' lang='grc'>4784</span> <span class='ocrx_word' id='word_1_257' title='bbox 1316 1229 1439 1283; x_wconf 87' lang='lat' dir='ltr'>Petrum</span> 
     </span>
     <span class='ocr_line' id='line_1_56' title="bbox 882 1316 1441 1388; baseline -0.004 -15"><span class='ocrx_word' id='word_1_258' title='bbox 882 1317 995 1388; x_wconf 88' lang='lat' dir='ltr'>Sotum,</span> <span class='ocrx_word' id='word_1_259' title='bbox 1012 1316 1049 1374; x_wconf 94' lang='grc' dir='ltr'>Ο.</span> <span class='ocrx_word' id='word_1_260' title='bbox 1065 1317 1112 1387; x_wconf 90' lang='grc' dir='ltr'>Ρ.,</span> <span class='ocrx_word' id='word_1_261' title='bbox 1125 1316 1346 1372; x_wconf 90' lang='lat' dir='ltr'>conciliatorem</span> <span class='ocrx_word' id='word_1_262' title='bbox 1360 1316 1441 1372; x_wconf 89' lang='lat' dir='ltr'>inter</span> 
     </span>
     <span class='ocr_line' id='line_1_57' title="bbox 881 1404 1440 1477; baseline -0.004 -16"><span class='ocrx_word' id='word_1_263' title='bbox 881 1406 1061 1462; x_wconf 88' lang='lat' dir='ltr'>dissidentes</span> <span class='ocrx_word' id='word_1_264' title='bbox 1078 1406 1210 1471; x_wconf 77' lang='lat' dir='ltr'>adhibet,</span> <span class='ocrx_word' id='word_1_265' title='bbox 1229 1404 1295 1477; x_wconf 89' lang='grc'>3634</span> <span class='ocrx_word' id='word_1_266' title='bbox 1318 1405 1440 1476; x_wconf 89' lang='lat' dir='ltr'>Joannis</span> 
     </span>
     <span class='ocr_line' id='line_1_58' title="bbox 882 1494 1441 1568; baseline -0.004 -17"><span class='ocrx_word' id='word_1_267' title='bbox 882 1496 920 1553; x_wconf 93' lang='lat' dir='ltr'>de</span> <span class='ocrx_word' id='word_1_268' title='bbox 937 1497 1032 1567; x_wconf 90' lang='lat' dir='ltr'>Vega,</span> <span class='ocrx_word' id='word_1_269' title='bbox 1052 1496 1171 1551; x_wconf 90' lang='lat' dir='ltr'>Siciliae</span> <span class='ocrx_word' id='word_1_270' title='bbox 1194 1495 1339 1568; x_wconf 84' lang='lat' dir='ltr'>protegis,</span> <span class='ocrx_word' id='word_1_271' title='bbox 1362 1494 1441 1551; x_wconf 86' lang='lat' dir='ltr'>votis</span> 
     </span>
     <span class='ocr_line' id='line_1_59' title="bbox 881 1583 1440 1653; baseline -0.002 -12"><span class='ocrx_word' id='word_1_272' title='bbox 881 1602 1025 1653; x_wconf 89' lang='lat' dir='ltr'>annuens,</span> <span class='ocrx_word' id='word_1_273' title='bbox 1041 1586 1137 1640; x_wconf 89' lang='lat' dir='ltr'>socios</span> <span class='ocrx_word' id='word_1_274' title='bbox 1152 1586 1317 1640; x_wconf 88' lang='lat' dir='ltr'>Messanam</span> <span class='ocrx_word' id='word_1_275' title='bbox 1335 1583 1440 1640; x_wconf 86' lang='lat' dir='ltr'>statuit</span> 
     </span>
     <span class='ocr_line' id='line_1_60' title="bbox 882 1672 1439 1746; baseline -0.007 -17"><span class='ocrx_word' id='word_1_276' title='bbox 882 1675 1010 1744; x_wconf 88' lang='lat' dir='ltr'>mittete,</span> <span class='ocrx_word' id='word_1_277' title='bbox 1026 1673 1093 1743; x_wconf 87' lang='grc'>673,</span> <span class='ocrx_word' id='word_1_278' title='bbox 1111 1674 1175 1746; x_wconf 88' lang='grc'>6744</span> <span class='ocrx_word' id='word_1_279' title='bbox 1198 1676 1342 1745; x_wconf 89' lang='lat' dir='ltr'>Joannem</span> <span class='ocrx_word' id='word_1_280' title='bbox 1365 1672 1439 1726; x_wconf 91' lang='lat' dir='ltr'>Ver-</span> 
     </span>
     <span class='ocr_line' id='line_1_61' title="bbox 881 1760 1439 1836; baseline -0.007 -18"><span class='ocrx_word' id='word_1_281' title='bbox 881 1764 969 1836; x_wconf 84' lang='lat' dir='ltr'>dolay</span> <span class='ocrx_word' id='word_1_282' title='bbox 990 1764 1098 1819; x_wconf 88' lang='lat' dir='ltr'>invitat</span> <span class='ocrx_word' id='word_1_283' title='bbox 1120 1770 1152 1818; x_wconf 91' lang='lat' dir='ltr'>ut</span> <span class='ocrx_word' id='word_1_284' title='bbox 1174 1780 1207 1816; x_wconf 89' lang='lat' dir='ltr'>se</span> <span class='ocrx_word' id='word_1_285' title='bbox 1226 1761 1367 1816; x_wconf 89' lang='lat' dir='ltr'>Societati</span> <span class='ocrx_word' id='word_1_286' title='bbox 1390 1760 1439 1815; x_wconf 90' lang='lat' dir='ltr'>ad-</span> 
     </span>
     <span class='ocr_line' id='line_1_62' title="bbox 878 1850 1439 1923; baseline -0.011 -15"><span class='ocrx_word' id='word_1_287' title='bbox 878 1853 997 1923; x_wconf 84' lang='lat' dir='ltr'>jungat,</span> <span class='ocrx_word' id='word_1_288' title='bbox 1011 1850 1072 1923; x_wconf 90' lang='grc'>283,</span> <span class='ocrx_word' id='word_1_289' title='bbox 1096 1850 1159 1920; x_wconf 89' lang='grc'>284;</span> <span class='ocrx_word' id='word_1_290' title='bbox 1180 1850 1275 1906; x_wconf 81' lang='lat' dir='ltr'>virum</span> <span class='ocrx_word' id='word_1_291' title='bbox 1293 1858 1439 1907; x_wconf 87' lang='lat' dir='ltr'>tentatum</span> 
     </span>
     <span class='ocr_line' id='line_1_63' title="bbox 865 1936 1438 2010; baseline -0.007 -13"><span class='ocrx_word' id='word_1_292' title='bbox 865 1936 998 1997; x_wconf 72' lang='lat' dir='ltr'>&#39;blandis</span> <span class='ocrx_word' id='word_1_293' title='bbox 1028 1942 1129 1997; x_wconf 84' lang='lat' dir='ltr'>verbis</span> <span class='ocrx_word' id='word_1_294' title='bbox 1158 1942 1347 2008; x_wconf 90' lang='lat' dir='ltr'>consolatur,</span> <span class='ocrx_word' id='word_1_295' title='bbox 1373 1953 1438 2010; x_wconf 86' lang='lat'>294,</span> 
     </span>
     <span class='ocr_line' id='line_1_64' title="bbox 883 2027 1438 2103; baseline -0.007 -18"><span class='ocrx_word' id='word_1_296' title='bbox 883 2044 946 2102; x_wconf 90' lang='grc'>2954</span> <span class='ocrx_word' id='word_1_297' title='bbox 960 2048 1013 2103; x_wconf 86' lang='lat' dir='ltr'>pro</span> <span class='ocrx_word' id='word_1_298' title='bbox 1026 2030 1145 2086; x_wconf 82' lang='lat' dir='ltr'>infelice</span> <span class='ocrx_word' id='word_1_299' title='bbox 1163 2028 1318 2085; x_wconf 87' lang='lat' dir='ltr'>sacerdote</span> <span class='ocrx_word' id='word_1_300' title='bbox 1336 2027 1438 2100; x_wconf 90' lang='lat' dir='ltr'>depre-</span> 
     </span>
     <span class='ocr_line' id='line_1_65' title="bbox 881 2118 1440 2191; baseline -0.009 -16"><span class='ocrx_word' id='word_1_301' title='bbox 881 2129 976 2190; x_wconf 89' lang='lat' dir='ltr'>catur,</span> <span class='ocrx_word' id='word_1_302' title='bbox 991 2119 1053 2189; x_wconf 88' lang='lat'><strong>293;</strong></span> <span class='ocrx_word' id='word_1_303' title='bbox 1067 2120 1198 2191; x_wconf 85' lang='lat' dir='ltr'>postulat</span> <span class='ocrx_word' id='word_1_304' title='bbox 1215 2118 1382 2173; x_wconf 83' lang='lat' dir='ltr'>innocentii</span> <span class='ocrx_word' id='word_1_305' title='bbox 1396 2118 1440 2171; x_wconf 88' lang='lat'>111</span> 
     </span>
     <span class='ocr_line' id='line_1_66' title="bbox 882 2204 1441 2264; baseline -0.004 -3"><span class='ocrx_word' id='word_1_306' title='bbox 882 2206 1035 2262; x_wconf 89' lang='lat' dir='ltr'>decretum</span> <span class='ocrx_word' id='word_1_307' title='bbox 1048 2208 1194 2264; x_wconf 85' lang='lat' dir='ltr'>renovari:</span> <span class='ocrx_word' id='word_1_308' title='bbox 1209 2205 1303 2261; x_wconf 76' lang='lat' dir='ltr'>«Cum</span> <span class='ocrx_word' id='word_1_309' title='bbox 1321 2204 1441 2260; x_wconf 86' lang='lat' dir='ltr'>infirmi·</span> 
     </span>
     <span class='ocr_line' id='line_1_67' title="bbox 882 2292 1441 2369; baseline -0.005 -19"><span class='ocrx_word' id='word_1_310' title='bbox 882 2304 957 2365; x_wconf 81' lang='lat' dir='ltr'>tas»,</span> <span class='ocrx_word' id='word_1_311' title='bbox 971 2296 1034 2369; x_wconf 92' lang='grc'>2614</span> <span class='ocrx_word' id='word_1_312' title='bbox 1053 2298 1188 2368; x_wconf 84' lang='lat' dir='ltr'>opposita</span> <span class='ocrx_word' id='word_1_313' title='bbox 1207 2303 1381 2366; x_wconf 84' lang='lat' dir='ltr'>argumenta</span> <span class='ocrx_word' id='word_1_314' title='bbox 1398 2292 1441 2348; x_wconf 92' lang='lat' dir='ltr'>di·</span> 
     </span>
     <span class='ocr_line' id='line_1_68' title="bbox 883 2382 1441 2456; baseline -0.004 -16"><span class='ocrx_word' id='word_1_315' title='bbox 883 2385 951 2456; x_wconf 89' lang='lat' dir='ltr'>luit,</span> <span class='ocrx_word' id='word_1_316' title='bbox 973 2385 1036 2455; x_wconf 84' lang='lat'>2643</span> <span class='ocrx_word' id='word_1_317' title='bbox 1060 2386 1090 2441; x_wconf 95' lang='lat' dir='ltr'>in</span> <span class='ocrx_word' id='word_1_318' title='bbox 1114 2383 1261 2440; x_wconf 87' lang='lat' dir='ltr'>lucrandis</span> <span class='ocrx_word' id='word_1_319' title='bbox 1281 2382 1441 2455; x_wconf 89' lang='lat' dir='ltr'>peccatori·</span> 
     </span>
     <span class='ocr_line' id='line_1_69' title="bbox 883 2470 1441 2544; baseline -0.009 -15"><span class='ocrx_word' id='word_1_320' title='bbox 883 2476 939 2529; x_wconf 92' lang='lat' dir='ltr'>bus</span> <span class='ocrx_word' id='word_1_321' title='bbox 952 2473 1087 2544; x_wconf 85' lang='lat' dir='ltr'>desudat,</span> <span class='ocrx_word' id='word_1_322' title='bbox 1102 2472 1166 2543; x_wconf 90' lang='grc'>328,</span> <span class='ocrx_word' id='word_1_323' title='bbox 1185 2472 1248 2543; x_wconf 85' lang='grc'>329;</span> <span class='ocrx_word' id='word_1_324' title='bbox 1268 2473 1298 2527; x_wconf 92' lang='lat' dir='ltr'>in</span> <span class='ocrx_word' id='word_1_325' title='bbox 1315 2470 1441 2543; x_wconf 90' lang='lat' dir='ltr'>gratiam</span> 
     </span>
     <span class='ocr_line' id='line_1_70' title="bbox 882 2563 1440 2634; baseline -0.004 -16"><span class='ocrx_word' id='word_1_326' title='bbox 882 2563 1062 2619; x_wconf 88' lang='lat' dir='ltr'>dissidentes</span> <span class='ocrx_word' id='word_1_327' title='bbox 1095 2570 1240 2634; x_wconf 89' lang='lat' dir='ltr'>revocat,</span> <span class='ocrx_word' id='word_1_328' title='bbox 1278 2579 1440 2634; x_wconf 89' lang='lat' dir='ltr'>pacemque</span> 
     </span>
     <span class='ocr_line' id='line_1_71' title="bbox 882 2652 1185 2724; baseline -0.003 -15"><span class='ocrx_word' id='word_1_329' title='bbox 882 2654 1032 2724; x_wconf 85' lang='lat' dir='ltr'>conciliat,</span> <span class='ocrx_word' id='word_1_330' title='bbox 1045 2652 1108 2721; x_wconf 90' lang='lat'>318,</span> <span class='ocrx_word' id='word_1_331' title='bbox 1122 2652 1185 2723; x_wconf 88' lang='lat'>373.</span> 
     </span>
    </p>
   </div>
   <div class='ocr_carea' id='block_1_4' title="bbox 848 2741 1442 2814">
    <p class='ocr_par' dir='ltr' id='par_1_4' title="bbox 848 2741 1442 2814">
     <span class='ocr_line' id='line_1_72' title="bbox 848 2741 1442 2814; baseline -0.008 -15"><span class='ocrx_word' id='word_1_332' title='bbox 848 2744 943 2799; x_wconf 88' lang='lat' dir='ltr'>lierda</span> <span class='ocrx_word' id='word_1_333' title='bbox 965 2743 1106 2810; x_wconf 77' lang='lat' dir='ltr'>(Lerida),</span> <span class='ocrx_word' id='word_1_334' title='bbox 1130 2759 1217 2814; x_wconf 86' lang='lat' dir='ltr'>opp.,</span> <span class='ocrx_word' id='word_1_335' title='bbox 1241 2742 1304 2814; x_wconf 90' lang='grc'>4264</span> <span class='ocrx_word' id='word_1_336' title='bbox 1328 2741 1442 2812; x_wconf 89' lang='lat' dir='ltr'>episco-</span> 
     </span>
    </p>
   </div>
   <div class='ocr_carea' id='block_1_5' title="bbox 883 2833 1134 2906">
    <p class='ocr_par' dir='ltr' id='par_1_5' title="bbox 883 2833 1134 2906">
     <span class='ocr_line' id='line_1_73' title="bbox 883 2833 1134 2906; baseline -0.004 -18"><span class='ocrx_word' id='word_1_337' title='bbox 883 2851 950 2906; x_wconf 90' lang='lat' dir='ltr'>pus,</span> <span class='ocrx_word' id='word_1_338' title='bbox 964 2851 994 2889; x_wconf 87' lang='lat' dir='ltr'>v.</span> <span class='ocrx_word' id='word_1_339' title='bbox 1010 2833 1134 2887; x_wconf 90' lang='lat' dir='ltr'>Loaces.</span> 
     </span>
    </p>
   </div>
   <div class='ocr_carea' id='block_1_6' title="bbox 847 2918 1441 3081">
    <p class='ocr_par' dir='ltr' id='par_1_6' title="bbox 847 2918 1441 3081">
     <span class='ocr_line' id='line_1_74' title="bbox 847 2918 1437 2990; baseline -0.007 -14"><span class='ocrx_word' id='word_1_340' title='bbox 847 2923 982 2988; x_wconf 89' lang='lat' dir='ltr'>lllescas,</span> <span class='ocrx_word' id='word_1_341' title='bbox 1001 2919 1214 2988; x_wconf 89' lang='lat' dir='ltr'>Gundisalvus,</span> <span class='ocrx_word' id='word_1_342' title='bbox 1235 2918 1349 2990; x_wconf 73' lang='lat' dir='ltr'>script,</span> <span class='ocrx_word' id='word_1_343' title='bbox 1373 2929 1437 2972; x_wconf 88' lang='lat'>111.</span> 
     </span>
     <span class='ocr_line' id='line_1_75' title="bbox 848 3006 1441 3081; baseline -0.012 -15"><span class='ocrx_word' id='word_1_344' title='bbox 848 3010 943 3081; x_wconf 85' lang='lat' dir='ltr'>India,</span> <span class='ocrx_word' id='word_1_345' title='bbox 965 3011 1059 3081; x_wconf 87' lang='lat' dir='ltr'>regio,</span> <span class='ocrx_word' id='word_1_346' title='bbox 1083 3009 1127 3080; x_wconf 89' lang='lat'>28,</span> <span class='ocrx_word' id='word_1_347' title='bbox 1147 3007 1194 3079; x_wconf 85' lang='lat'>30,</span> <span class='ocrx_word' id='word_1_348' title='bbox 1211 3007 1258 3075; x_wconf 87' lang='lat'>31,</span> <span class='ocrx_word' id='word_1_349' title='bbox 1271 3024 1318 3078; x_wconf 86' lang='lat'>40,</span> <span class='ocrx_word' id='word_1_350' title='bbox 1332 3020 1379 3077; x_wconf 85' lang='lat'>41,</span> <span class='ocrx_word' id='word_1_351' title='bbox 1394 3006 1441 3076; x_wconf 85' lang='lat'>58,</span> 
     </span>
    </p>
   </div>
   <div class='ocr_carea' id='block_1_7' title="bbox 882 3095 1500 4058">
    <p class='ocr_par' dir='ltr' id='par_1_7' title="bbox 882 3095 1500 4058">
     <span class='ocr_line' id='line_1_76' title="bbox 884 3095 1440 3171; baseline -0.004 -3"><span class='ocrx_word' id='word_1_352' title='bbox 884 3115 931 3170; x_wconf 82' lang='grc'>59,</span> <span class='ocrx_word' id='word_1_353' title='bbox 943 3100 988 3171; x_wconf 82' lang='lat'>⁶1,</span> <span class='ocrx_word' id='word_1_354' title='bbox 1005 3098 1050 3166; x_wconf 73' lang='grc'>88,</span> <span class='ocrx_word' id='word_1_355' title='bbox 1069 3111 1129 3168; x_wconf 81' lang='grc' dir='ltr'>Ι59,</span> <span class='ocrx_word' id='word_1_356' title='bbox 1144 3111 1208 3165; x_wconf 79' lang='grc'>294,</span> <span class='ocrx_word' id='word_1_357' title='bbox 1223 3110 1287 3166; x_wconf 83' lang='grc'>299,</span> <span class='ocrx_word' id='word_1_358' title='bbox 1301 3095 1365 3166; x_wconf 83' lang='grc'>329,</span> <span class='ocrx_word' id='word_1_359' title='bbox 1376 3095 1440 3166; x_wconf 77' lang='grc'>362,</span> 
     </span>
     <span class='ocr_line' id='line_1_77' title="bbox 883 3182 1439 3259; baseline -0.011 1"><span class='ocrx_word' id='word_1_360' title='bbox 883 3182 1439 3259; x_wconf 46' lang='lat' dir='ltr'>QQQQQQQ</span> 
     </span>
     <span class='ocr_line' id='line_1_78' title="bbox 882 3273 1439 3346; baseline -0.011 -14"><span class='ocrx_word' id='word_1_361' title='bbox 882 3277 947 3346; x_wconf 86' lang='grc'>639,</span> <span class='ocrx_word' id='word_1_362' title='bbox 964 3277 1030 3345; x_wconf 89' lang='grc'>645,</span> <span class='ocrx_word' id='word_1_363' title='bbox 1048 3276 1177 3346; x_wconf 79' lang='grc'>648656,</span> <span class='ocrx_word' id='word_1_364' title='bbox 1193 3275 1255 3345; x_wconf 88' lang='grc'>668,</span> <span class='ocrx_word' id='word_1_365' title='bbox 1271 3273 1335 3342; x_wconf 90' lang='grc'>685;</span> <span class='ocrx_word' id='word_1_366' title='bbox 1354 3273 1439 3342; x_wconf 89' lang='lat' dir='ltr'>socii,</span> 
     </span>
     <span class='ocr_line' id='line_1_79' title="bbox 883 3364 1439 3439; baseline -0.013 -17"><span class='ocrx_word' id='word_1_367' title='bbox 883 3367 933 3439; x_wconf 90' lang='lat' dir='ltr'>qui</span> <span class='ocrx_word' id='word_1_368' title='bbox 947 3366 1060 3421; x_wconf 90' lang='lat' dir='ltr'>Indiam</span> <span class='ocrx_word' id='word_1_369' title='bbox 1074 3366 1222 3436; x_wconf 86' lang='lat' dir='ltr'>excolant,</span> <span class='ocrx_word' id='word_1_370' title='bbox 1242 3364 1439 3434; x_wconf 89' lang='lat' dir='ltr'>postulantur,</span> 
     </span>
     <span class='ocr_line' id='line_1_80' title="bbox 886 3450 1500 3523; baseline -0.011 -14"><span class='ocrx_word' id='word_1_371' title='bbox 886 3454 946 3522; x_wconf 88' lang='lat'>132,</span> <span class='ocrx_word' id='word_1_372' title='bbox 966 3453 1031 3523; x_wconf 89' lang='grc'>737,</span> <span class='ocrx_word' id='word_1_373' title='bbox 1048 3452 1112 3523; x_wconf 83' lang='grc'>739;</span> <span class='ocrx_word' id='word_1_374' title='bbox 1132 3453 1162 3508; x_wconf 90' lang='lat' dir='ltr'>in</span> <span class='ocrx_word' id='word_1_375' title='bbox 1185 3469 1249 3506; x_wconf 89' lang='lat' dir='ltr'>eam</span> <span class='ocrx_word' id='word_1_376' title='bbox 1268 3450 1439 3506; x_wconf 89' lang='lat' dir='ltr'>missionem</span> <span class='ocrx_word' id='word_1_377' title='bbox 1491 3462 1500 3478; x_wconf 76' lang='lat'>⁸</span> 
     </span>
     <span class='ocr_line' id='line_1_81' title="bbox 883 3541 1441 3612; baseline -0.011 -14"><span class='ocrx_word' id='word_1_378' title='bbox 883 3543 1048 3598; x_wconf 89' lang='lat' dir='ltr'>destinatur</span> <span class='ocrx_word' id='word_1_379' title='bbox 1061 3541 1217 3612; x_wconf 85' lang='lat' dir='ltr'>Xaverius,</span> <span class='ocrx_word' id='word_1_380' title='bbox 1235 3551 1296 3608; x_wconf 88' lang='grc'>155,</span> <span class='ocrx_word' id='word_1_381' title='bbox 1309 3552 1374 3608; x_wconf 87' lang='grc'>746;</span> <span class='ocrx_word' id='word_1_382' title='bbox 1390 3556 1441 3593; x_wconf 91' lang='lat' dir='ltr'>na·</span> 
     </span>
     <span class='ocr_line' id='line_1_82' title="bbox 884 3629 1440 3704; baseline -0.007 -18"><span class='ocrx_word' id='word_1_383' title='bbox 884 3633 982 3704; x_wconf 89' lang='lat' dir='ltr'>vigat,</span> <span class='ocrx_word' id='word_1_384' title='bbox 1010 3632 1071 3704; x_wconf 88' lang='grc'>1854</span> <span class='ocrx_word' id='word_1_385' title='bbox 1097 3631 1147 3686; x_wconf 87' lang='lat' dir='ltr'>alii</span> <span class='ocrx_word' id='word_1_386' title='bbox 1172 3629 1246 3685; x_wconf 90' lang='lat' dir='ltr'>socii</span> <span class='ocrx_word' id='word_1_387' title='bbox 1272 3629 1440 3696; x_wconf 89' lang='lat' dir='ltr'>mittuntur,</span> 
     </span>
     <span class='ocr_line' id='line_1_83' title="bbox 884 3717 1442 3792; baseline -0.011 -16"><span class='ocrx_word' id='word_1_388' title='bbox 884 3719 949 3792; x_wconf 88' lang='grc'>393;</span> <span class='ocrx_word' id='word_1_389' title='bbox 973 3721 1005 3775; x_wconf 91' lang='lat' dir='ltr'>in</span> <span class='ocrx_word' id='word_1_390' title='bbox 1027 3719 1153 3786; x_wconf 89' lang='lat' dir='ltr'>Indiam,</span> <span class='ocrx_word' id='word_1_391' title='bbox 1174 3719 1281 3774; x_wconf 90' lang='lat' dir='ltr'>Carolo</span> <span class='ocrx_word' id='word_1_392' title='bbox 1300 3718 1327 3770; x_wconf 96' lang='lat' dir='ltr'>V</span> <span class='ocrx_word' id='word_1_393' title='bbox 1345 3717 1442 3788; x_wconf 89' lang='lat' dir='ltr'>subje-</span> 
     </span>
     <span class='ocr_line' id='line_1_84' title="bbox 882 3807 1442 3882; baseline -0.011 -17"><span class='ocrx_word' id='word_1_394' title='bbox 882 3819 970 3878; x_wconf 90' lang='lat' dir='ltr'>ctam,</span> <span class='ocrx_word' id='word_1_395' title='bbox 992 3809 1084 3882; x_wconf 89' lang='lat' dir='ltr'>aliqui</span> <span class='ocrx_word' id='word_1_396' title='bbox 1102 3817 1206 3880; x_wconf 88' lang='lat' dir='ltr'>optant</span> <span class='ocrx_word' id='word_1_397' title='bbox 1224 3816 1257 3862; x_wconf 90' lang='lat' dir='ltr'>ut</span> <span class='ocrx_word' id='word_1_398' title='bbox 1277 3807 1350 3862; x_wconf 89' lang='lat' dir='ltr'>socii</span> <span class='ocrx_word' id='word_1_399' title='bbox 1371 3825 1442 3878; x_wconf 91' lang='lat' dir='ltr'>quo·</span> 
     </span>
     <span class='ocr_line' id='line_1_85' title="bbox 882 3895 1442 3972; baseline -0.009 -18"><span class='ocrx_word' id='word_1_400' title='bbox 882 3917 940 3972; x_wconf 90' lang='lat' dir='ltr'>que</span> <span class='ocrx_word' id='word_1_401' title='bbox 954 3899 1117 3966; x_wconf 89' lang='lat' dir='ltr'>mittantur,</span> <span class='ocrx_word' id='word_1_402' title='bbox 1134 3911 1195 3968; x_wconf 91' lang='grc'>241,</span> <span class='ocrx_word' id='word_1_403' title='bbox 1212 3910 1276 3965; x_wconf 83' lang='grc'>2424</span> <span class='ocrx_word' id='word_1_404' title='bbox 1287 3895 1388 3950; x_wconf 85' lang='lat' dir='ltr'>indiae</span> <span class='ocrx_word' id='word_1_405' title='bbox 1399 3896 1442 3950; x_wconf 90' lang='lat' dir='ltr'>vi-</span> 
     </span>
     <span class='ocr_line' id='line_1_86' title="bbox 883 3982 1440 4058; baseline -0.007 -16"><span class='ocrx_word' id='word_1_406' title='bbox 883 3988 980 4042; x_wconf 86' lang='lat' dir='ltr'>carius</span> <span class='ocrx_word' id='word_1_407' title='bbox 993 3985 1154 4058; x_wconf 87' lang='lat' dir='ltr'>generalis,</span> <span class='ocrx_word' id='word_1_408' title='bbox 1168 4004 1197 4040; x_wconf 90' lang='lat' dir='ltr'>v.</span> <span class='ocrx_word' id='word_1_409' title='bbox 1212 3987 1284 4054; x_wconf 90' lang='lat' dir='ltr'>Vaz,</span> <span class='ocrx_word' id='word_1_410' title='bbox 1305 3982 1440 4039; x_wconf 72' lang='lat' dir='ltr'>Michael.</span> 
     </span>
    </p>
   </div>
   <div class='ocr_carea' id='block_1_8' title="bbox 847 4075 1441 4148">
    <p class='ocr_par' dir='ltr' id='par_1_8' title="bbox 847 4075 1441 4148">
     <span class='ocr_line' id='line_1_87' title="bbox 847 4075 1441 4148; baseline -0.008 -16"><span class='ocrx_word' id='word_1_411' title='bbox 847 4076 1062 4148; x_wconf 85' lang='lat' dir='ltr'>ingolstadiurn</span> <span class='ocrx_word' id='word_1_412' title='bbox 1093 4075 1320 4146; x_wconf 82' lang='lat' dir='ltr'>(ingolstadt),</span> <span class='ocrx_word' id='word_1_413' title='bbox 1350 4090 1441 4146; x_wconf 91' lang='lat' dir='ltr'>opp.,</span> 
     </span>
    </p>
   </div>
   <div class='ocr_carea' id='block_1_9' title="bbox 884 4165 990 4234">
    <p class='ocr_par' dir='ltr' id='par_1_9' title="bbox 884 4165 990 4234">
     <span class='ocr_line' id='line_1_88' title="bbox 884 4165 990 4234; baseline -0.009 -14"><span class='ocrx_word' id='word_1_414' title='bbox 884 4178 928 4234; x_wconf 87' lang='lat'>25,</span> <span class='ocrx_word' id='word_1_415' title='bbox 944 4165 990 4220; x_wconf 87' lang='lat'>66.</span> 
     </span>
    </p>
   </div>
   <div class='ocr_carea' id='block_1_10' title="bbox 848 4253 1441 4322">
    <p class='ocr_par' dir='ltr' id='par_1_10' title="bbox 848 4253 1441 4322">
     <span class='ocr_line' id='line_1_89' title="bbox 848 4253 1441 4322; baseline -0.008 -12"><span class='ocrx_word' id='word_1_416' title='bbox 848 4255 992 4312; x_wconf 87' lang='lat' dir='ltr'>inocentii</span> <span class='ocrx_word' id='word_1_417' title='bbox 1018 4255 1063 4310; x_wconf 90' lang='lat'>111</span> <span class='ocrx_word' id='word_1_418' title='bbox 1087 4254 1241 4309; x_wconf 90' lang='lat' dir='ltr'>decretum</span> <span class='ocrx_word' id='word_1_419' title='bbox 1260 4253 1315 4308; x_wconf 80' lang='lat' dir='ltr'>«de</span> <span class='ocrx_word' id='word_1_420' title='bbox 1339 4269 1441 4322; x_wconf 87' lang='lat' dir='ltr'>aegro·</span> 
     </span>
    </p>
   </div>
   <div class='ocr_carea' id='block_1_11' title="bbox 883 4341 1442 4594">
    <p class='ocr_par' dir='ltr' id='par_1_11' title="bbox 883 4341 1442 4594">
     <span class='ocr_line' id='line_1_90' title="bbox 883 4341 1437 4417; baseline -0.007 -17"><span class='ocrx_word' id='word_1_421' title='bbox 883 4347 952 4417; x_wconf 78' lang='lat' dir='ltr'>tis»,</span> <span class='ocrx_word' id='word_1_422' title='bbox 966 4344 1166 4401; x_wconf 89' lang='lat' dir='ltr'>renovandum</span> <span class='ocrx_word' id='word_1_423' title='bbox 1179 4351 1283 4399; x_wconf 90' lang='lat' dir='ltr'>censet</span> <span class='ocrx_word' id='word_1_424' title='bbox 1292 4341 1437 4412; x_wconf 88' lang='lat' dir='ltr'>ignatius,</span> 
     </span>
     <span class='ocr_line' id='line_1_91' title="bbox 883 4431 1442 4504; baseline -0.011 -14"><span class='ocrx_word' id='word_1_425' title='bbox 883 4435 983 4491; x_wconf 89' lang='lat' dir='ltr'>addita</span> <span class='ocrx_word' id='word_1_426' title='bbox 999 4433 1180 4502; x_wconf 90' lang='lat' dir='ltr'>conditione,</span> <span class='ocrx_word' id='word_1_427' title='bbox 1194 4449 1232 4488; x_wconf 90' lang='lat' dir='ltr'>ne</span> <span class='ocrx_word' id='word_1_428' title='bbox 1245 4440 1350 4504; x_wconf 86' lang='lat' dir='ltr'>quater</span> <span class='ocrx_word' id='word_1_429' title='bbox 1363 4431 1405 4486; x_wconf 90' lang='lat' dir='ltr'>illi</span> <span class='ocrx_word' id='word_1_430' title='bbox 1424 4447 1442 4485; x_wconf 86' lang='lat' dir='ltr'>a</span> 
     </span>
     <span class='ocr_line' id='line_1_92' title="bbox 884 4520 1442 4594; baseline -0.007 -16"><span class='ocrx_word' id='word_1_431' title='bbox 884 4524 1007 4579; x_wconf 89' lang='lat' dir='ltr'>medicis</span> <span class='ocrx_word' id='word_1_432' title='bbox 1021 4523 1134 4578; x_wconf 89' lang='lat' dir='ltr'>visitari</span> <span class='ocrx_word' id='word_1_433' title='bbox 1147 4529 1267 4594; x_wconf 85' lang='lat' dir='ltr'>queant,</span> <span class='ocrx_word' id='word_1_434' title='bbox 1283 4521 1341 4576; x_wconf 92' lang='lat' dir='ltr'>nisi</span> <span class='ocrx_word' id='word_1_435' title='bbox 1360 4520 1442 4592; x_wconf 88' lang='lat' dir='ltr'>prius</span> 
     </span>
    </p>
   </div>
   <div class='ocr_carea' id='block_1_12' title="bbox 883 4607 1441 4680">
    <p class='ocr_par' dir='ltr' id='par_1_12' title="bbox 883 4607 1441 4680">
     <span class='ocr_line' id='line_1_93' title="bbox 883 4607 1441 4680; baseline -0.007 -14"><span class='ocrx_word' id='word_1_436' title='bbox 883 4610 1071 4666; x_wconf 80' lang='lat' dir='ltr'>confessione</span> <span class='ocrx_word' id='word_1_437' title='bbox 1084 4625 1226 4664; x_wconf 87' lang='lat' dir='ltr'>noxarum</span> <span class='ocrx_word' id='word_1_438' title='bbox 1245 4607 1357 4680; x_wconf 89' lang='lat' dir='ltr'>expiati</span> <span class='ocrx_word' id='word_1_439' title='bbox 1377 4607 1441 4662; x_wconf 85' lang='lat' dir='ltr'>fue-</span> 
     </span>
    </p>
   </div>
   <div class='ocr_carea' id='block_1_13' title="bbox 0 0 1818 5400">
    <p class='ocr_par' dir='ltr' id='par_1_13' title="bbox 0 0 1818 5400">
     <span class='ocr_line' id='line_1_94' title="bbox 0 0 1818 5400; baseline 0 0"><span class='ocrx_word' id='word_1_440' title='bbox 0 0 1818 5400; x_wconf 95' lang='lat' dir='ltr'> </span> 
     </span>
    </p>
   </div>
  </div>
 </body>
</html>
