<?xml version="1.0" encoding="UTF-8"?>
<!DOCTYPE html PUBLIC "-//W3C//DTD XHTML 1.0 Transitional//EN"
    "http://www.w3.org/TR/xhtml1/DTD/xhtml1-transitional.dtd">
<html xmlns="http://www.w3.org/1999/xhtml" xml:lang="en" lang="en">
 <head>
  <title>
</title>
<meta http-equiv="Content-Type" content="text/html;charset=utf-8" />
  <meta name='ocr-system' content='tesseract 3.04.00' />
  <meta name='ocr-capabilities' content='ocr_page ocr_carea ocr_par ocr_line ocrx_word'/>
</head>
<body>
  <div class='ocr_page' id='page_1' title='image "./monumentaignati04ignagoog_0405.png"; bbox 0 0 3625 5400; ppageno 0'>
   <div class='ocr_carea' id='block_1_1' title="bbox 668 381 1461 476">
    <p class='ocr_par' dir='ltr' id='par_1_1' title="bbox 668 381 1461 476">
     <span class='ocr_line' id='line_1_1' title="bbox 668 381 1461 476; baseline -0.001 -17"><span class='ocrx_word' id='word_1_1' title='bbox 668 403 772 464; x_wconf 76' lang='lat' dir='ltr'><strong>Emer,</strong></span> <span class='ocrx_word' id='word_1_2' title='bbox 795 403 1098 474; x_wconf 78' lang='lat' dir='ltr'><strong>126.-6Jonu1546</strong></span> <span class='ocrx_word' id='word_1_3' title='bbox 1184 381 1187 386; x_wconf 39' lang='lat'><strong><em>¹</em></strong></span> <span class='ocrx_word' id='word_1_4' title='bbox 1407 403 1461 476; x_wconf 82' lang='lat'><strong>³97</strong></span> 
     </span>
    </p>
   </div>
   <div class='ocr_carea' id='block_1_2' title="bbox 192 553 1539 3541">
    <p class='ocr_par' dir='ltr' id='par_1_2' title="bbox 192 553 1497 1316">
     <span class='ocr_line' id='line_1_2' title="bbox 270 553 1495 645; baseline 0.005 -25"><span class='ocrx_word' id='word_1_5' title='bbox 270 553 406 620; x_wconf 89' lang='lat' dir='ltr'><strong>Achilis</strong></span> <span class='ocrx_word' id='word_1_6' title='bbox 432 575 657 641; x_wconf 83' lang='lat' dir='ltr'>parmensem,</span> <span class='ocrx_word' id='word_1_7' title='bbox 687 565 721 625; x_wconf 91' lang='lat' dir='ltr'><strong>et</strong></span> <span class='ocrx_word' id='word_1_8' title='bbox 736 558 905 645; x_wconf 89' lang='lat' dir='ltr'><strong>Joannem</strong></span> <span class='ocrx_word' id='word_1_9' title='bbox 935 556 1115 625; x_wconf 86' lang='lat' dir='ltr'><strong>Battistam</strong></span> <span class='ocrx_word' id='word_1_10' title='bbox 1137 556 1257 638; x_wconf 85' lang='lat' dir='ltr'><strong>violis,</strong></span> <span class='ocrx_word' id='word_1_11' title='bbox 1286 577 1327 625; x_wconf 91' lang='lat' dir='ltr'><strong>ac</strong></span> <span class='ocrx_word' id='word_1_12' title='bbox 1355 559 1495 626; x_wconf 90' lang='lat' dir='ltr'><strong>Petrum</strong></span> 
     </span>
     <span class='ocr_line' id='line_1_3' title="bbox 192 663 1497 762; baseline 0.005 -26"><span class='ocrx_word' id='word_1_13' title='bbox 192 663 203 686; x_wconf 84' lang='lat'><em>&#39;</em></span> <span class='ocrx_word' id='word_1_14' title='bbox 269 667 459 736; x_wconf 85' lang='lat' dir='ltr'><strong>Antonium</strong></span> <span class='ocrx_word' id='word_1_15' title='bbox 475 671 519 736; x_wconf 89' lang='lat' dir='ltr'><strong>de</strong></span> <span class='ocrx_word' id='word_1_16' title='bbox 540 671 733 754; x_wconf 79' lang='lat' dir='ltr'><strong>Saloaticis,</strong></span> <span class='ocrx_word' id='word_1_17' title='bbox 756 693 891 740; x_wconf 87' lang='lat' dir='ltr'><strong>necnon</strong></span> <span class='ocrx_word' id='word_1_18' title='bbox 906 676 1074 762; x_wconf 87' lang='lat' dir='ltr'><strong>Joannem</strong></span> <span class='ocrx_word' id='word_1_19' title='bbox 1096 672 1314 742; x_wconf 85' lang='lat' dir='ltr'><strong>Pelletarium</strong></span> <span class='ocrx_word' id='word_1_20' title='bbox 1335 684 1347 713; x_wconf 70' lang='lat'><strong><em>⁶</em></strong></span> <span class='ocrx_word' id='word_1_21' title='bbox 1368 673 1497 742; x_wconf 87' lang='lat' dir='ltr'><strong>scimus</strong></span> 
     </span>
     <span class='ocr_line' id='line_1_4' title="bbox 268 786 1494 876; baseline 0.006 -28"><span class='ocrx_word' id='word_1_22' title='bbox 268 795 348 852; x_wconf 89' lang='lat' dir='ltr'><strong>vota</strong></span> <span class='ocrx_word' id='word_1_23' title='bbox 369 786 497 852; x_wconf 88' lang='lat' dir='ltr'><strong>habere</strong></span> <span class='ocrx_word' id='word_1_24' title='bbox 516 786 683 855; x_wconf 87' lang='lat' dir='ltr'><strong>castitatis</strong></span> <span class='ocrx_word' id='word_1_25' title='bbox 702 799 737 856; x_wconf 87' lang='lat' dir='ltr'><strong>et</strong></span> <span class='ocrx_word' id='word_1_26' title='bbox 757 788 970 875; x_wconf 81' lang='lat' dir='ltr'>paupertatis</span> <span class='ocrx_word' id='word_1_27' title='bbox 988 800 1024 857; x_wconf 90' lang='lat' dir='ltr'><strong>et</strong></span> <span class='ocrx_word' id='word_1_28' title='bbox 1046 787 1255 876; x_wconf 90' lang='lat' dir='ltr'><strong>propositum</strong></span> <span class='ocrx_word' id='word_1_29' title='bbox 1279 788 1494 875; x_wconf 85' lang='lat' dir='ltr'><strong>ingrediendi</strong></span> 
     </span>
     <span class='ocr_line' id='line_1_5' title="bbox 270 881 1492 991; baseline 0.007 -27"><span class='ocrx_word' id='word_1_30' title='bbox 270 909 420 967; x_wconf 88' lang='lat' dir='ltr'><strong>nostram</strong></span> <span class='ocrx_word' id='word_1_31' title='bbox 436 902 655 984; x_wconf 84' lang='lat' dir='ltr'><strong>Societatem,</strong></span> <span class='ocrx_word' id='word_1_32' title='bbox 673 881 776 991; x_wconf 83' lang='lat' dir='ltr'><strong>atque</strong></span> <span class='ocrx_word' id='word_1_33' title='bbox 791 903 917 990; x_wconf 83' lang='lat' dir='ltr'>alioqui</span> <span class='ocrx_word' id='word_1_34' title='bbox 932 903 1031 971; x_wconf 91' lang='lat' dir='ltr'><strong>nobis</strong></span> <span class='ocrx_word' id='word_1_35' title='bbox 1046 902 1180 991; x_wconf 92' lang='lat' dir='ltr'><strong>probati</strong></span> <span class='ocrx_word' id='word_1_36' title='bbox 1191 905 1274 974; x_wconf 91' lang='lat' dir='ltr'><strong>estis</strong></span> <span class='ocrx_word' id='word_1_37' title='bbox 1285 903 1312 985; x_wconf 71' lang='lat'><strong>⁶,</strong></span> <span class='ocrx_word' id='word_1_38' title='bbox 1327 905 1417 971; x_wconf 89' lang='lat' dir='ltr'><strong>illam</strong></span> <span class='ocrx_word' id='word_1_39' title='bbox 1430 927 1492 972; x_wconf 91' lang='lat' dir='ltr'><strong>vo-</strong></span> 
     </span>
     <span class='ocr_line' id='line_1_6' title="bbox 269 1015 1494 1102; baseline 0.004 -21"><span class='ocrx_word' id='word_1_40' title='bbox 269 1015 321 1081; x_wconf 91' lang='lat' dir='ltr'><strong>bis</strong></span> <span class='ocrx_word' id='word_1_41' title='bbox 336 1017 524 1102; x_wconf 89' lang='lat' dir='ltr'><strong>apostolica</strong></span> <span class='ocrx_word' id='word_1_42' title='bbox 539 1017 760 1102; x_wconf 87' lang='lat' dir='ltr'><strong>auctoritate,</strong></span> <span class='ocrx_word' id='word_1_43' title='bbox 783 1020 883 1087; x_wconf 89' lang='lat' dir='ltr'><strong>uiuae</strong></span> <span class='ocrx_word' id='word_1_44' title='bbox 905 1019 1006 1087; x_wconf 86' lang='lat' dir='ltr'><strong>uocis</strong></span> <span class='ocrx_word' id='word_1_45' title='bbox 1016 1021 1154 1087; x_wconf 89' lang='lat' dir='ltr'><strong>oraculo</strong></span> <span class='ocrx_word' id='word_1_46' title='bbox 1170 1043 1190 1087; x_wconf 92' lang='lat' dir='ltr'><strong>a</strong></span> <span class='ocrx_word' id='word_1_47' title='bbox 1210 1021 1332 1090; x_wconf 90' lang='lat' dir='ltr'><strong>SSmo.</strong></span> <span class='ocrx_word' id='word_1_48' title='bbox 1354 1020 1494 1087; x_wconf 90' lang='lat' dir='ltr'><strong>domino</strong></span> 
     </span>
     <span class='ocr_line' id='line_1_7' title="bbox 266 1133 1492 1218; baseline 0.004 -21"><span class='ocrx_word' id='word_1_49' title='bbox 266 1141 382 1198; x_wconf 88' lang='lat' dir='ltr'><strong>nostro</strong></span> <span class='ocrx_word' id='word_1_50' title='bbox 406 1133 515 1200; x_wconf 91' lang='lat' dir='ltr'><strong>Paulo</strong></span> <span class='ocrx_word' id='word_1_51' title='bbox 543 1135 595 1218; x_wconf 87' lang='lat'><strong>3.⁰</strong></span> <span class='ocrx_word' id='word_1_52' title='bbox 623 1135 721 1203; x_wconf 91' lang='lat' dir='ltr'><strong>nobis</strong></span> <span class='ocrx_word' id='word_1_53' title='bbox 741 1135 897 1202; x_wconf 85' lang='lat' dir='ltr'><strong>traditam</strong></span> <span class='ocrx_word' id='word_1_54' title='bbox 926 1148 951 1217; x_wconf 75' lang='lat'><strong>⁶,</strong></span> <span class='ocrx_word' id='word_1_55' title='bbox 981 1135 1202 1205; x_wconf 83' lang='lat' dir='ltr'><strong>concedimus</strong></span> <span class='ocrx_word' id='word_1_56' title='bbox 1227 1135 1262 1201; x_wconf 92' lang='lat' dir='ltr'><strong>in</strong></span> <span class='ocrx_word' id='word_1_57' title='bbox 1283 1135 1431 1204; x_wconf 91' lang='lat' dir='ltr'><strong>Domino</strong></span> <span class='ocrx_word' id='word_1_58' title='bbox 1451 1157 1492 1202; x_wconf 91' lang='lat' dir='ltr'><strong>ac</strong></span> 
     </span>
     <span class='ocr_line' id='line_1_8' title="bbox 264 1247 398 1316; baseline 0.022 -3"><span class='ocrx_word' id='word_1_59' title='bbox 264 1247 398 1316; x_wconf 77' lang='lat' dir='ltr'><strong>damus</strong></span> 
     </span>
    </p>

    <p class='ocr_par' dir='ltr' id='par_1_3' title="bbox 262 1365 1489 1814">
     <span class='ocr_line' id='line_1_9' title="bbox 331 1365 1489 1462; baseline 0.003 -32"><span class='ocrx_word' id='word_1_60' title='bbox 331 1366 435 1450; x_wconf 80' lang='lat' dir='ltr'><strong>Quod</strong></span> <span class='ocrx_word' id='word_1_61' title='bbox 450 1365 479 1432; x_wconf 91' lang='lat' dir='ltr'><strong>si</strong></span> <span class='ocrx_word' id='word_1_62' title='bbox 496 1365 574 1452; x_wconf 89' lang='lat' dir='ltr'><strong>quis</strong></span> <span class='ocrx_word' id='word_1_63' title='bbox 587 1376 766 1452; x_wconf 88' lang='lat' dir='ltr'><strong>praeterea</strong></span> <span class='ocrx_word' id='word_1_64' title='bbox 780 1365 869 1433; x_wconf 89' lang='lat' dir='ltr'><strong>inter</strong></span> <span class='ocrx_word' id='word_1_65' title='bbox 885 1387 948 1433; x_wconf 88' lang='lat' dir='ltr'><strong>uos</strong></span> <span class='ocrx_word' id='word_1_66' title='bbox 964 1366 1080 1450; x_wconf 88' lang='lat' dir='ltr'><strong>fuerit,</strong></span> <span class='ocrx_word' id='word_1_67' title='bbox 1101 1367 1161 1452; x_wconf 93' lang='lat' dir='ltr'><strong>qui</strong></span> <span class='ocrx_word' id='word_1_68' title='bbox 1182 1367 1302 1434; x_wconf 90' lang='lat' dir='ltr'><strong>eadem</strong></span> <span class='ocrx_word' id='word_1_69' title='bbox 1323 1378 1404 1462; x_wconf 83' lang='lat' dir='ltr'><strong>uota</strong></span> <span class='ocrx_word' id='word_1_70' title='bbox 1419 1369 1489 1458; x_wconf 10' lang='lat' dir='ltr'><strong>*ha-</strong></span> 
     </span>
     <span class='ocr_line' id='line_1_10' title="bbox 264 1479 1487 1568; baseline 0 -20"><span class='ocrx_word' id='word_1_71' title='bbox 264 1479 342 1548; x_wconf 88' lang='lat' dir='ltr'><strong>beat</strong></span> <span class='ocrx_word' id='word_1_72' title='bbox 356 1492 391 1547; x_wconf 87' lang='lat' dir='ltr'><strong>et</strong></span> <span class='ocrx_word' id='word_1_73' title='bbox 407 1481 631 1568; x_wconf 87' lang='lat' dir='ltr'><strong>propositum,</strong></span> <span class='ocrx_word' id='word_1_74' title='bbox 649 1492 684 1550; x_wconf 90' lang='lat' dir='ltr'><strong>et</strong></span> <span class='ocrx_word' id='word_1_75' title='bbox 700 1480 773 1562; x_wconf 92' lang='lat' dir='ltr'><strong>tibi,</strong></span> <span class='ocrx_word' id='word_1_76' title='bbox 794 1482 899 1550; x_wconf 91' lang='lat' dir='ltr'><strong>Paule</strong></span> <span class='ocrx_word' id='word_1_77' title='bbox 915 1482 1059 1563; x_wconf 88' lang='lat' dir='ltr'><strong>Antoni,</strong></span> <span class='ocrx_word' id='word_1_78' title='bbox 1078 1482 1180 1550; x_wconf 87' lang='lat' dir='ltr'><strong>fuerit</strong></span> <span class='ocrx_word' id='word_1_79' title='bbox 1194 1483 1358 1568; x_wconf 88' lang='lat' dir='ltr'><strong>probatus</strong></span> <span class='ocrx_word' id='word_1_80' title='bbox 1373 1480 1393 1563; x_wconf 73' lang='lat' dir='ltr'><strong>s,</strong></span> <span class='ocrx_word' id='word_1_81' title='bbox 1408 1503 1487 1551; x_wconf 91' lang='lat' dir='ltr'><strong>eum</strong></span> 
     </span>
     <span class='ocr_line' id='line_1_11' title="bbox 263 1595 1486 1684; baseline 0.002 -23"><span class='ocrx_word' id='word_1_82' title='bbox 263 1595 372 1676; x_wconf 77' lang='lat' dir='ltr'><strong>nobiS,</strong></span> <span class='ocrx_word' id='word_1_83' title='bbox 391 1608 426 1664; x_wconf 92' lang='lat' dir='ltr'><strong>et</strong></span> <span class='ocrx_word' id='word_1_84' title='bbox 442 1619 568 1666; x_wconf 90' lang='lat' dir='ltr'><strong>nomen</strong></span> <span class='ocrx_word' id='word_1_85' title='bbox 583 1609 618 1665; x_wconf 91' lang='lat' dir='ltr'><strong>et</strong></span> <span class='ocrx_word' id='word_1_86' title='bbox 633 1617 825 1684; x_wconf 86' lang='lat' dir='ltr'><strong>cognomen</strong></span> <span class='ocrx_word' id='word_1_87' title='bbox 844 1595 1068 1684; x_wconf 87' lang='lat' dir='ltr'><strong>significabis,</strong></span> <span class='ocrx_word' id='word_1_88' title='bbox 1091 1607 1141 1678; x_wconf 90' lang='lat' dir='ltr'><strong>ut,</strong></span> <span class='ocrx_word' id='word_1_89' title='bbox 1163 1599 1256 1683; x_wconf 93' lang='lat' dir='ltr'><strong>quod</strong></span> <span class='ocrx_word' id='word_1_90' title='bbox 1276 1598 1320 1663; x_wconf 91' lang='lat' dir='ltr'><strong>ad</strong></span> <span class='ocrx_word' id='word_1_91' title='bbox 1338 1597 1486 1684; x_wconf 86' lang='lat' dir='ltr'><strong>gloriam</strong></span> 
     </span>
     <span class='ocr_line' id='line_1_12' title="bbox 262 1710 1415 1814; baseline 0 -36"><span class='ocrx_word' id='word_1_92' title='bbox 262 1710 327 1778; x_wconf 90' lang='lat' dir='ltr'><strong>Dei</strong></span> <span class='ocrx_word' id='word_1_93' title='bbox 344 1711 579 1779; x_wconf 86' lang='lat' dir='ltr'><strong>existimemus</strong></span> <span class='ocrx_word' id='word_1_94' title='bbox 595 1722 760 1798; x_wconf 88' lang='lat' dir='ltr'><strong>spectare,</strong></span> <span class='ocrx_word' id='word_1_95' title='bbox 778 1712 949 1814; x_wconf 72' lang='lat' dir='ltr'><strong>possimus</strong></span> <span class='ocrx_word' id='word_1_96' title='bbox 963 1714 1142 1781; x_wconf 88' lang='lat' dir='ltr'><strong>consulere</strong></span> <span class='ocrx_word' id='word_1_97' title='bbox 1159 1733 1200 1779; x_wconf 87' lang='lat' dir='ltr'><strong>ac</strong></span> <span class='ocrx_word' id='word_1_98' title='bbox 1216 1712 1415 1782; x_wconf 88' lang='lat' dir='ltr'><strong>deliberare.</strong></span> 
     </span>
    </p>

    <p class='ocr_par' dir='ltr' id='par_1_4' title="bbox 251 1826 1539 3541">
     <span class='ocr_line' id='line_1_13' title="bbox 329 1826 1482 1915; baseline 0.001 -20"><span class='ocrx_word' id='word_1_99' title='bbox 329 1827 377 1895; x_wconf 90' lang='lat' dir='ltr'><strong>Ut</strong></span> <span class='ocrx_word' id='word_1_100' title='bbox 404 1837 517 1896; x_wconf 89' lang='lat' dir='ltr'><strong>autem</strong></span> <span class='ocrx_word' id='word_1_101' title='bbox 541 1826 656 1895; x_wconf 86' lang='lat' dir='ltr'><strong>sciatis</strong></span> <span class='ocrx_word' id='word_1_102' title='bbox 676 1848 777 1913; x_wconf 89' lang='lat' dir='ltr'><strong>quarn</strong></span> <span class='ocrx_word' id='word_1_103' title='bbox 797 1828 866 1896; x_wconf 89' lang='lat' dir='ltr'><strong>late</strong></span> <span class='ocrx_word' id='word_1_104' title='bbox 887 1838 1028 1915; x_wconf 90' lang='lat' dir='ltr'><strong>pateant</strong></span> <span class='ocrx_word' id='word_1_105' title='bbox 1050 1826 1127 1894; x_wconf 90' lang='lat' dir='ltr'><strong>illae</strong></span> <span class='ocrx_word' id='word_1_106' title='bbox 1150 1829 1315 1895; x_wconf 84' lang='lat' dir='ltr'><strong>duntaxat</strong></span> <span class='ocrx_word' id='word_1_107' title='bbox 1337 1827 1482 1914; x_wconf 82' lang='lat' dir='ltr'><strong>gratiae,</strong></span> 
     </span>
     <span class='ocr_line' id='line_1_14' title="bbox 260 1943 1483 2030; baseline 0.001 -21"><span class='ocrx_word' id='word_1_108' title='bbox 260 1944 512 2030; x_wconf 87' lang='lat' dir='ltr'><strong>subjungemus</strong></span> <span class='ocrx_word' id='word_1_109' title='bbox 528 1943 688 2012; x_wconf 89' lang='lat' dir='ltr'><strong>breuiter.</strong></span> <span class='ocrx_word' id='word_1_110' title='bbox 705 1945 767 2010; x_wconf 89' lang='lat' dir='ltr'><strong>Est</strong></span> <span class='ocrx_word' id='word_1_111' title='bbox 782 1945 927 2010; x_wconf 82' lang='lat' dir='ltr'><strong>facultas</strong></span> <span class='ocrx_word' id='word_1_112' title='bbox 943 1943 1106 2012; x_wconf 87' lang='lat' dir='ltr'><strong>recitandi</strong></span> <span class='ocrx_word' id='word_1_113' title='bbox 1121 1946 1223 2012; x_wconf 89' lang='lat' dir='ltr'><strong>horas</strong></span> <span class='ocrx_word' id='word_1_114' title='bbox 1234 1943 1416 2010; x_wconf 88' lang='lat' dir='ltr'><strong>canonicas</strong></span> <span class='ocrx_word' id='word_1_115' title='bbox 1427 1965 1483 2010; x_wconf 89' lang='lat' dir='ltr'><strong>se-</strong></span> 
     </span>
     <span class='ocr_line' id='line_1_15' title="bbox 260 2057 1486 2146; baseline 0 -23"><span class='ocrx_word' id='word_1_116' title='bbox 260 2059 412 2124; x_wconf 91' lang='lat' dir='ltr'><strong>cundum</strong></span> <span class='ocrx_word' id='word_1_117' title='bbox 431 2081 530 2125; x_wconf 90' lang='lat' dir='ltr'><strong>usum</strong></span> <span class='ocrx_word' id='word_1_118' title='bbox 547 2059 630 2126; x_wconf 92' lang='lat' dir='ltr'><strong>noui</strong></span> <span class='ocrx_word' id='word_1_119' title='bbox 646 2059 822 2142; x_wconf 89' lang='lat' dir='ltr'><strong>breuiarii;</strong></span> <span class='ocrx_word' id='word_1_120' title='bbox 840 2069 893 2128; x_wconf 87' lang='lat' dir='ltr'><strong>est</strong></span> <span class='ocrx_word' id='word_1_121' title='bbox 912 2069 1088 2146; x_wconf 88' lang='lat' dir='ltr'><strong>praeterea</strong></span> <span class='ocrx_word' id='word_1_122' title='bbox 1108 2057 1244 2126; x_wconf 89' lang='lat' dir='ltr'><strong>licentia</strong></span> <span class='ocrx_word' id='word_1_123' title='bbox 1264 2058 1486 2144; x_wconf 85' lang='lat' dir='ltr'><strong>praedicandi</strong></span> 
     </span>
     <span class='ocr_line' id='line_1_16' title="bbox 261 2173 1482 2262; baseline 0.002 -24"><span class='ocrx_word' id='word_1_124' title='bbox 261 2175 402 2240; x_wconf 89' lang='lat' dir='ltr'><strong>verbum</strong></span> <span class='ocrx_word' id='word_1_125' title='bbox 415 2174 481 2242; x_wconf 91' lang='lat' dir='ltr'><strong>Dei</strong></span> <span class='ocrx_word' id='word_1_126' title='bbox 497 2175 637 2260; x_wconf 90' lang='lat' dir='ltr'><strong>ubique,</strong></span> <span class='ocrx_word' id='word_1_127' title='bbox 652 2175 779 2242; x_wconf 91' lang='lat' dir='ltr'><strong>nullius</strong></span> <span class='ocrx_word' id='word_1_128' title='bbox 794 2195 897 2262; x_wconf 89' lang='lat' dir='ltr'><strong>super</strong></span> <span class='ocrx_word' id='word_1_129' title='bbox 912 2177 978 2242; x_wconf 90' lang='lat' dir='ltr'><strong>hoc</strong></span> <span class='ocrx_word' id='word_1_130' title='bbox 993 2173 1130 2243; x_wconf 87' lang='lat' dir='ltr'><strong>licentia</strong></span> <span class='ocrx_word' id='word_1_131' title='bbox 1141 2173 1315 2258; x_wconf 83' lang='lat' dir='ltr'><strong>requisita3</strong></span> <span class='ocrx_word' id='word_1_132' title='bbox 1329 2185 1482 2259; x_wconf 86' lang='lat' dir='ltr'><strong>praeter-</strong></span> 
     </span>
     <span class='ocr_line' id='line_1_17' title="bbox 258 2289 1539 2376; baseline 0 -22"><span class='ocrx_word' id='word_1_133' title='bbox 258 2309 299 2356; x_wconf 89' lang='lat' dir='ltr'><strong>ea</strong></span> <span class='ocrx_word' id='word_1_134' title='bbox 327 2301 381 2356; x_wconf 91' lang='lat' dir='ltr'><strong>est</strong></span> <span class='ocrx_word' id='word_1_135' title='bbox 401 2301 553 2376; x_wconf 87' lang='lat' dir='ltr'><strong>potestas</strong></span> <span class='ocrx_word' id='word_1_136' title='bbox 573 2290 734 2360; x_wconf 88' lang='lat' dir='ltr'><strong>audiendi</strong></span> <span class='ocrx_word' id='word_1_137' title='bbox 760 2290 993 2358; x_wconf 86' lang='lat' dir='ltr'><strong>confessiones</strong></span> <span class='ocrx_word' id='word_1_138' title='bbox 1018 2309 1303 2376; x_wconf 88' lang='lat' dir='ltr'><strong>quorumcunque</strong></span> <span class='ocrx_word' id='word_1_139' title='bbox 1327 2289 1480 2357; x_wconf 92' lang='lat' dir='ltr'><strong>fidelium</strong></span> <span class='ocrx_word' id='word_1_140' title='bbox 1531 2334 1539 2354; x_wconf 86' lang='lat'><strong>.</strong></span> 
     </span>
     <span class='ocr_line' id='line_1_18' title="bbox 259 2404 1482 2490; baseline 0.001 -20"><span class='ocrx_word' id='word_1_141' title='bbox 259 2404 435 2490; x_wconf 76' lang='lat' dir='ltr'><strong>utriusque</strong></span> <span class='ocrx_word' id='word_1_142' title='bbox 450 2427 565 2488; x_wconf 79' lang='lat' dir='ltr'><strong>sexus3</strong></span> <span class='ocrx_word' id='word_1_143' title='bbox 584 2417 619 2474; x_wconf 92' lang='lat' dir='ltr'><strong>et</strong></span> <span class='ocrx_word' id='word_1_144' title='bbox 635 2406 837 2474; x_wconf 88' lang='lat' dir='ltr'><strong>absoluendi</strong></span> <span class='ocrx_word' id='word_1_145' title='bbox 853 2406 888 2472; x_wconf 94' lang='lat' dir='ltr'><strong>in</strong></span> <span class='ocrx_word' id='word_1_146' title='bbox 905 2407 979 2473; x_wconf 89' lang='lat' dir='ltr'><strong>foro</strong></span> <span class='ocrx_word' id='word_1_147' title='bbox 994 2404 1222 2473; x_wconf 89' lang='lat' dir='ltr'><strong>conscientiae</strong></span> <span class='ocrx_word' id='word_1_148' title='bbox 1237 2427 1257 2470; x_wconf 89' lang='lat' dir='ltr'><strong>a</strong></span> <span class='ocrx_word' id='word_1_149' title='bbox 1273 2404 1409 2472; x_wconf 90' lang='lat' dir='ltr'><strong>casibus</strong></span> <span class='ocrx_word' id='word_1_150' title='bbox 1425 2426 1482 2471; x_wconf 90' lang='lat' dir='ltr'><strong>re-</strong></span> 
     </span>
     <span class='ocr_line' id='line_1_19' title="bbox 258 2519 1478 2607; baseline 0 -19"><span class='ocrx_word' id='word_1_151' title='bbox 258 2521 414 2604; x_wconf 91' lang='lat' dir='ltr'><strong>seruatis;</strong></span> <span class='ocrx_word' id='word_1_152' title='bbox 440 2533 474 2590; x_wconf 91' lang='lat' dir='ltr'><strong>et</strong></span> <span class='ocrx_word' id='word_1_153' title='bbox 497 2521 728 2590; x_wconf 88' lang='lat' dir='ltr'><strong>commutandi</strong></span> <span class='ocrx_word' id='word_1_154' title='bbox 750 2533 830 2590; x_wconf 90' lang='lat' dir='ltr'><strong>uota</strong></span> <span class='ocrx_word' id='word_1_155' title='bbox 852 2533 1025 2590; x_wconf 89' lang='lat' dir='ltr'><strong>reseruata</strong></span> <span class='ocrx_word' id='word_1_156' title='bbox 1044 2521 1116 2590; x_wconf 89' lang='lat' dir='ltr'><strong>sedi</strong></span> <span class='ocrx_word' id='word_1_157' title='bbox 1138 2519 1354 2607; x_wconf 87' lang='lat' dir='ltr'><strong>apostolicae,</strong></span> <span class='ocrx_word' id='word_1_158' title='bbox 1377 2541 1478 2588; x_wconf 85' lang='lat' dir='ltr'><strong>exce-</strong></span> 
     </span>
     <span class='ocr_line' id='line_1_20' title="bbox 256 2635 1478 2723; baseline 0 -20"><span class='ocrx_word' id='word_1_159' title='bbox 256 2635 324 2723; x_wconf 79' lang='lat' dir='ltr'><strong>ptis</strong></span> <span class='ocrx_word' id='word_1_160' title='bbox 341 2637 523 2706; x_wconf 88' lang='lat' dir='ltr'><strong>reseruatis</strong></span> <span class='ocrx_word' id='word_1_161' title='bbox 543 2637 577 2705; x_wconf 94' lang='lat' dir='ltr'><strong>in</strong></span> <span class='ocrx_word' id='word_1_162' title='bbox 598 2639 692 2706; x_wconf 91' lang='lat' dir='ltr'><strong>bulla</strong></span> <span class='ocrx_word' id='word_1_163' title='bbox 710 2639 866 2709; x_wconf 67' lang='lat' dir='ltr'><strong>«Coenae</strong></span> <span class='ocrx_word' id='word_1_164' title='bbox 885 2636 1058 2721; x_wconf 80' lang='lat' dir='ltr'><strong>Domini»;</strong></span> <span class='ocrx_word' id='word_1_165' title='bbox 1076 2657 1116 2704; x_wconf 88' lang='lat' dir='ltr'><strong>ac</strong></span> <span class='ocrx_word' id='word_1_166' title='bbox 1132 2635 1345 2704; x_wconf 89' lang='lat' dir='ltr'><strong>ministrandi</strong></span> <span class='ocrx_word' id='word_1_167' title='bbox 1364 2656 1478 2704; x_wconf 67' lang='lat' dir='ltr'><strong>sacra-v</strong></span> 
     </span>
     <span class='ocr_line' id='line_1_21' title="bbox 256 2752 1478 2840; baseline 0 -21"><span class='ocrx_word' id='word_1_168' title='bbox 256 2764 409 2819; x_wconf 89' lang='lat' dir='ltr'><strong>mentum</strong></span> <span class='ocrx_word' id='word_1_169' title='bbox 424 2754 655 2824; x_wconf 87' lang='lat' dir='ltr'><strong>eucharistiae</strong></span> <span class='ocrx_word' id='word_1_170' title='bbox 674 2764 709 2821; x_wconf 90' lang='lat' dir='ltr'><strong>et</strong></span> <span class='ocrx_word' id='word_1_171' title='bbox 717 2754 795 2821; x_wconf 79' lang='lat' dir='ltr'><strong>‘alia</strong></span> <span class='ocrx_word' id='word_1_172' title='bbox 811 2765 1035 2833; x_wconf 85' lang='lat' dir='ltr'><strong>sacramenta,</strong></span> <span class='ocrx_word' id='word_1_173' title='bbox 1053 2752 1127 2821; x_wconf 91' lang='lat' dir='ltr'><strong>sine</strong></span> <span class='ocrx_word' id='word_1_174' title='bbox 1143 2752 1344 2840; x_wconf 89' lang='lat' dir='ltr'><strong>praejuditio</strong></span> <span class='ocrx_word' id='word_1_175' title='bbox 1361 2754 1478 2838; x_wconf 89' lang='lat' dir='ltr'><strong>cujus·</strong></span> 
     </span>
     <span class='ocr_line' id='line_1_22' title="bbox 255 2868 1478 2956; baseline -0.002 -20"><span class='ocrx_word' id='word_1_176' title='bbox 255 2882 333 2954; x_wconf 80' lang='lat' dir='ltr'><strong>q&#39;ue,</strong></span> <span class='ocrx_word' id='word_1_177' title='bbox 357 2870 483 2936; x_wconf 89' lang='lat' dir='ltr'><strong>nullius</strong></span> <span class='ocrx_word' id='word_1_178' title='bbox 504 2870 606 2938; x_wconf 90' lang='lat' dir='ltr'><strong>etiam</strong></span> <span class='ocrx_word' id='word_1_179' title='bbox 627 2868 765 2938; x_wconf 90' lang='lat' dir='ltr'><strong>licentia</strong></span> <span class='ocrx_word' id='word_1_180' title='bbox 780 2869 959 2956; x_wconf 86' lang='lat' dir='ltr'><strong>requisita;</strong></span> <span class='ocrx_word' id='word_1_181' title='bbox 977 2880 1013 2938; x_wconf 89' lang='lat' dir='ltr'><strong>et</strong></span> <span class='ocrx_word' id='word_1_182' title='bbox 1027 2870 1057 2935; x_wconf 91' lang='lat' dir='ltr'><strong>si</strong></span> <span class='ocrx_word' id='word_1_183' title='bbox 1073 2868 1256 2955; x_wconf 88' lang='lat' dir='ltr'><strong>contigerit</strong></span> <span class='ocrx_word' id='word_1_184' title='bbox 1277 2889 1353 2937; x_wconf 90' lang='lat' dir='ltr'><strong>esse</strong></span> <span class='ocrx_word' id='word_1_185' title='bbox 1373 2889 1478 2935; x_wconf 91' lang='lat' dir='ltr'><strong>occu-</strong></span> 
     </span>
     <span class='ocr_line' id='line_1_23' title="bbox 254 2983 1482 3072; baseline 0 -21"><span class='ocrx_word' id='word_1_186' title='bbox 254 2996 353 3072; x_wconf 87' lang='lat' dir='ltr'><strong>patos</strong></span> <span class='ocrx_word' id='word_1_187' title='bbox 369 2998 449 3054; x_wconf 88' lang='lat' dir='ltr'><strong>ante</strong></span> <span class='ocrx_word' id='word_1_188' title='bbox 464 2986 650 3068; x_wconf 84' lang='lat' dir='ltr'><strong>meridiem,</strong></span> <span class='ocrx_word' id='word_1_189' title='bbox 670 2987 725 3054; x_wconf 90' lang='lat' dir='ltr'><strong>uel</strong></span> <span class='ocrx_word' id='word_1_190' title='bbox 738 2986 773 3053; x_wconf 93' lang='lat' dir='ltr'><strong>in</strong></span> <span class='ocrx_word' id='word_1_191' title='bbox 785 2986 963 3055; x_wconf 89' lang='lat' dir='ltr'><strong>audiendis</strong></span> <span class='ocrx_word' id='word_1_192' title='bbox 974 2984 1245 3053; x_wconf 84' lang='lat' dir='ltr'><strong>confessionibus</strong></span> <span class='ocrx_word' id='word_1_193' title='bbox 1257 2995 1317 3051; x_wconf 90' lang='lat' dir='ltr'><strong>aut</strong></span> <span class='ocrx_word' id='word_1_194' title='bbox 1328 2983 1403 3051; x_wconf 86' lang='lat' dir='ltr'><strong>aliis</strong></span> <span class='ocrx_word' id='word_1_195' title='bbox 1413 2983 1482 3070; x_wconf 85' lang='lat' dir='ltr'><strong>piis</strong></span> 
     </span>
     <span class='ocr_line' id='line_1_24' title="bbox 255 3098 1476 3188; baseline -0.004 -19"><span class='ocrx_word' id='word_1_196' title='bbox 255 3102 426 3188; x_wconf 87' lang='lat' dir='ltr'><strong>operibus,</strong></span> <span class='ocrx_word' id='word_1_197' title='bbox 446 3104 502 3169; x_wconf 89' lang='lat' dir='ltr'><strong>uel</strong></span> <span class='ocrx_word' id='word_1_198' title='bbox 519 3101 619 3169; x_wconf 90' lang='lat' dir='ltr'><strong>licitis</strong></span> <span class='ocrx_word' id='word_1_199' title='bbox 635 3102 709 3170; x_wconf 91' lang='lat' dir='ltr'><strong>aliis</strong></span> <span class='ocrx_word' id='word_1_200' title='bbox 724 3101 986 3188; x_wconf 88' lang='lat' dir='ltr'><strong>impedimentis,</strong></span> <span class='ocrx_word' id='word_1_201' title='bbox 1001 3101 1133 3187; x_wconf 88' lang='lat' dir='ltr'><strong>possint</strong></span> <span class='ocrx_word' id='word_1_202' title='bbox 1144 3110 1221 3185; x_wconf 93' lang='lat' dir='ltr'><strong>post</strong></span> <span class='ocrx_word' id='word_1_203' title='bbox 1232 3098 1405 3167; x_wconf 88' lang='lat' dir='ltr'><strong>meridiem</strong></span> <span class='ocrx_word' id='word_1_204' title='bbox 1417 3118 1476 3165; x_wconf 90' lang='lat' dir='ltr'><strong>ce-</strong></span> 
     </span>
     <span class='ocr_line' id='line_1_25' title="bbox 253 3196 1475 3300; baseline -0.004 -17"><span class='ocrx_word' id='word_1_205' title='bbox 253 3219 383 3285; x_wconf 90' lang='lat' dir='ltr'><strong>lebrare</strong></span> <span class='ocrx_word' id='word_1_206' title='bbox 398 3217 536 3286; x_wconf 90' lang='lat' dir='ltr'><strong>missam</strong></span> <span class='ocrx_word' id='word_1_207' title='bbox 554 3228 588 3287; x_wconf 91' lang='lat' dir='ltr'><strong>et</strong></span> <span class='ocrx_word' id='word_1_208' title='bbox 601 3217 791 3286; x_wconf 89' lang='lat' dir='ltr'><strong>ministrare</strong></span> <span class='ocrx_word' id='word_1_209' title='bbox 802 3216 1054 3298; x_wconf 84' lang='lat' dir='ltr'><strong>eucharistiam3</strong></span> <span class='ocrx_word' id='word_1_210' title='bbox 1068 3238 1109 3283; x_wconf 91' lang='lat' dir='ltr'><strong>ac</strong></span> <span class='ocrx_word' id='word_1_211' title='bbox 1120 3216 1221 3283; x_wconf 88' lang='lat' dir='ltr'><strong>etiam</strong></span> <span class='ocrx_word' id='word_1_212' title='bbox 1236 3225 1373 3300; x_wconf 89' lang='lat' dir='ltr'><strong>propter</strong></span> <span class='ocrx_word' id='word_1_213' title='bbox 1381 3196 1475 3281; x_wconf 88' lang='lat' dir='ltr'><strong>idem</strong></span> 
     </span>
     <span class='ocr_line' id='line_1_26' title="bbox 252 3330 1474 3419; baseline -0.002 -22"><span class='ocrx_word' id='word_1_214' title='bbox 252 3333 533 3419; x_wconf 89' lang='lat' dir='ltr'><strong>impedimentum</strong></span> <span class='ocrx_word' id='word_1_215' title='bbox 557 3336 704 3401; x_wconf 90' lang='lat' dir='ltr'><strong>habeant</strong></span> <span class='ocrx_word' id='word_1_216' title='bbox 725 3334 923 3400; x_wconf 87' lang='lat' dir='ltr'><strong>facultatem</strong></span> <span class='ocrx_word' id='word_1_217' title='bbox 944 3331 1173 3419; x_wconf 89' lang='lat' dir='ltr'><strong>anteponendi</strong></span> <span class='ocrx_word' id='word_1_218' title='bbox 1194 3342 1228 3399; x_wconf 91' lang='lat' dir='ltr'><strong>et</strong></span> <span class='ocrx_word' id='word_1_219' title='bbox 1248 3330 1474 3417; x_wconf 90' lang='lat' dir='ltr'><strong>postponendi</strong></span> 
     </span>
     <span class='ocr_line' id='line_1_27' title="bbox 251 3448 591 3541; baseline 0.003 -26"><span class='ocrx_word' id='word_1_220' title='bbox 251 3451 354 3541; x_wconf 81' lang='lat' dir='ltr'><strong>horas</strong></span> <span class='ocrx_word' id='word_1_221' title='bbox 367 3448 550 3517; x_wconf 87' lang='lat' dir='ltr'><strong>canonicas</strong></span> <span class='ocrx_word' id='word_1_222' title='bbox 566 3462 591 3516; x_wconf 57' lang='grc' dir='ltr'><strong>ὅ.</strong></span> 
     </span>
    </p>
   </div>
   <div class='ocr_carea' id='block_1_3' title="bbox 243 3641 1473 4607">
    <p class='ocr_par' dir='ltr' id='par_1_5' title="bbox 243 3641 1473 4607">
     <span class='ocr_line' id='line_1_28' title="bbox 303 3641 1471 3718; baseline -0.007 -17"><span class='ocrx_word' id='word_1_223' title='bbox 303 3663 316 3690; x_wconf 83' lang='lat' dir='ltr'><strong>c</strong></span> <span class='ocrx_word' id='word_1_224' title='bbox 339 3649 553 3703; x_wconf 82' lang='lat' dir='ltr'><strong>Praecedantio</strong></span> <span class='ocrx_word' id='word_1_225' title='bbox 566 3646 657 3718; x_wconf 84' lang='lat' dir='ltr'><strong>hujus</strong></span> <span class='ocrx_word' id='word_1_226' title='bbox 666 3646 788 3718; x_wconf 80' lang='lat' dir='ltr'><strong>periodi</strong></span> <span class='ocrx_word' id='word_1_227' title='bbox 804 3645 893 3701; x_wconf 83' lang='lat' dir='ltr'><strong>verba</strong></span> <span class='ocrx_word' id='word_1_228' title='bbox 906 3646 941 3699; x_wconf 82' lang='lat' dir='ltr'><strong>in</strong></span> <span class='ocrx_word' id='word_1_229' title='bbox 955 3646 1027 3699; x_wconf 79' lang='lat' dir='ltr'><strong>hoec</strong></span> <span class='ocrx_word' id='word_1_230' title='bbox 1042 3643 1109 3698; x_wconf 83' lang='lat' dir='ltr'><strong>alio</strong></span> <span class='ocrx_word' id='word_1_231' title='bbox 1121 3646 1241 3696; x_wconf 82' lang='lat' dir='ltr'><strong>mutata</strong></span> <span class='ocrx_word' id='word_1_232' title='bbox 1253 3645 1324 3695; x_wconf 82' lang='lat' dir='ltr'><strong>suni</strong></span> <span class='ocrx_word' id='word_1_233' title='bbox 1336 3642 1371 3695; x_wconf 81' lang='lat' dir='ltr'><strong>iu</strong></span> <span class='ocrx_word' id='word_1_234' title='bbox 1383 3641 1471 3695; x_wconf 80' lang='lat' dir='ltr'><strong>alter.</strong></span> 
     </span>
     <span class='ocr_line' id='line_1_29' title="bbox 249 3731 1473 3808; baseline -0.009 -15"><span class='ocrx_word' id='word_1_235' title='bbox 249 3754 308 3793; x_wconf 71' lang='lat' dir='ltr'><strong>era:</strong></span> <span class='ocrx_word' id='word_1_236' title='bbox 323 3736 567 3808; x_wconf 79' lang='lat' dir='ltr'><strong>Quandoquidem</strong></span> <span class='ocrx_word' id='word_1_237' title='bbox 581 3744 680 3791; x_wconf 89' lang='lat' dir='ltr'><strong>autem</strong></span> <span class='ocrx_word' id='word_1_238' title='bbox 695 3744 736 3805; x_wconf 86' lang='lat' dir='ltr'><strong>te,</strong></span> <span class='ocrx_word' id='word_1_239' title='bbox 750 3742 780 3790; x_wconf 87' lang='lat' dir='ltr'><strong>et</strong></span> <span class='ocrx_word' id='word_1_240' title='bbox 792 3736 880 3790; x_wconf 91' lang='lat' dir='ltr'><strong>talem</strong></span> <span class='ocrx_word' id='word_1_241' title='bbox 894 3750 929 3789; x_wconf 86' lang='lat' dir='ltr'><strong>ac</strong></span> <span class='ocrx_word' id='word_1_242' title='bbox 942 3736 1041 3789; x_wconf 87' lang='lat' dir='ltr'><strong>talem.</strong></span> <span class='ocrx_word' id='word_1_243' title='bbox 1080 3734 1128 3775; x_wconf 78' lang='lat' dir='ltr'><strong>-d</strong></span> <span class='ocrx_word' id='word_1_244' title='bbox 1147 3731 1220 3786; x_wconf 73' lang='lat' dir='ltr'><strong>Atta</strong></span> <span class='ocrx_word' id='word_1_245' title='bbox 1233 3748 1329 3785; x_wconf 80' lang='lat' dir='ltr'><strong>manu</strong></span> <span class='ocrx_word' id='word_1_246' title='bbox 1341 3731 1373 3784; x_wconf 81' lang='lat' dir='ltr'><strong>in</strong></span> <span class='ocrx_word' id='word_1_247' title='bbox 1391 3748 1473 3783; x_wconf 84' lang='lat' dir='ltr'><strong>mor-</strong></span> 
     </span>
     <span class='ocr_line' id='line_1_30' title="bbox 246 3809 1473 3899; baseline -0.007 -18"><span class='ocrx_word' id='word_1_248' title='bbox 246 3826 333 3899; x_wconf 82' lang='lat' dir='ltr'><strong>gina:</strong></span> <span class='ocrx_word' id='word_1_249' title='bbox 347 3833 377 3881; x_wconf 89' lang='lat' dir='ltr'><strong>et</strong></span> <span class='ocrx_word' id='word_1_250' title='bbox 391 3843 426 3880; x_wconf 89' lang='lat' dir='ltr'><strong>ea</strong></span> <span class='ocrx_word' id='word_1_251' title='bbox 438 3809 643 3897; x_wconf 81' lang='lat' dir='ltr'><strong>expectatione</strong></span> <span class='ocrx_word' id='word_1_252' title='bbox 657 3824 735 3897; x_wconf 90' lang='lat' dir='ltr'><strong>quod</strong></span> <span class='ocrx_word' id='word_1_253' title='bbox 752 3822 878 3879; x_wconf 87' lang='lat' dir='ltr'><strong>fideliter</strong></span> <span class='ocrx_word' id='word_1_254' title='bbox 896 3831 927 3878; x_wconf 91' lang='lat' dir='ltr'><strong>et</strong></span> <span class='ocrx_word' id='word_1_255' title='bbox 943 3840 995 3895; x_wconf 89' lang='lat' dir='ltr'><strong>pro</strong></span> <span class='ocrx_word' id='word_1_256' title='bbox 1013 3820 1156 3893; x_wconf 86' lang='lat' dir='ltr'><strong>dignitate</strong></span> <span class='ocrx_word' id='word_1_257' title='bbox 1174 3817 1293 3891; x_wconf 89' lang='lat' dir='ltr'><strong>quidem</strong></span> <span class='ocrx_word' id='word_1_258' title='bbox 1312 3836 1346 3873; x_wconf 87' lang='lat' dir='ltr'><strong>nc</strong></span> <span class='ocrx_word' id='word_1_259' title='bbox 1364 3818 1473 3873; x_wconf 88' lang='lat' dir='ltr'><strong>discre-</strong></span> 
     </span>
     <span class='ocr_line' id='line_1_31' title="bbox 248 3905 1473 3984; baseline -0.007 -15"><span class='ocrx_word' id='word_1_260' title='bbox 248 3914 328 3969; x_wconf 87' lang='lat' dir='ltr'><strong>tione</strong></span> <span class='ocrx_word' id='word_1_261' title='bbox 346 3916 401 3969; x_wconf 87' lang='lat' dir='ltr'><strong>hoc</strong></span> <span class='ocrx_word' id='word_1_262' title='bbox 420 3932 539 3969; x_wconf 89' lang='lat' dir='ltr'><strong>munere</strong></span> <span class='ocrx_word' id='word_1_263' title='bbox 553 3913 716 3984; x_wconf 87' lang='lat' dir='ltr'><strong>fungemini</strong></span> <span class='ocrx_word' id='word_1_264' title='bbox 730 3912 891 3967; x_wconf 91' lang='lat' dir='ltr'><strong>secundum</strong></span> <span class='ocrx_word' id='word_1_265' title='bbox 903 3911 1027 3983; x_wconf 87' lang='lat' dir='ltr'><strong>gradum</strong></span> <span class='ocrx_word' id='word_1_266' title='bbox 1046 3918 1076 3965; x_wconf 93' lang='lat' dir='ltr'><strong>et</strong></span> <span class='ocrx_word' id='word_1_267' title='bbox 1093 3907 1272 3979; x_wconf 82' lang='lat' dir='ltr'><strong>exigentiam</strong></span> <span class='ocrx_word' id='word_1_268' title='bbox 1288 3905 1473 3976; x_wconf 87' lang='lat' dir='ltr'><strong>uniuscujus-</strong></span> 
     </span>
     <span class='ocr_line' id='line_1_32' title="bbox 246 3994 1471 4076; baseline -0.009 -17"><span class='ocrx_word' id='word_1_269' title='bbox 246 4021 317 4076; x_wconf 88' lang='lat' dir='ltr'><strong>que,</strong></span> <span class='ocrx_word' id='word_1_270' title='bbox 331 4020 446 4059; x_wconf 90' lang='lat' dir='ltr'><strong>necnon</strong></span> <span class='ocrx_word' id='word_1_271' title='bbox 464 4012 494 4057; x_wconf 91' lang='lat' dir='ltr'><strong>et</strong></span> <span class='ocrx_word' id='word_1_272' title='bbox 514 4002 638 4073; x_wconf 82' lang='lat' dir='ltr'><strong>gratiam</strong></span> <span class='ocrx_word' id='word_1_273' title='bbox 653 4002 737 4056; x_wconf 89' lang='lat' dir='ltr'><strong>vobis</strong></span> <span class='ocrx_word' id='word_1_274' title='bbox 750 4020 766 4056; x_wconf 92' lang='lat' dir='ltr'><strong>a</strong></span> <span class='ocrx_word' id='word_1_275' title='bbox 780 4000 906 4057; x_wconf 89' lang='lat' dir='ltr'><strong>Domino</strong></span> <span class='ocrx_word' id='word_1_276' title='bbox 924 3999 1129 4055; x_wconf 85' lang='lat' dir='ltr'><strong>contributam.</strong></span> <span class='ocrx_word' id='word_1_277' title='bbox 1149 3997 1220 4067; x_wconf 89' lang='lat' dir='ltr'><strong>Nos,</strong></span> <span class='ocrx_word' id='word_1_278' title='bbox 1238 4012 1360 4068; x_wconf 90' lang='lat' dir='ltr'><strong>quorum</strong></span> <span class='ocrx_word' id='word_1_279' title='bbox 1377 3994 1471 4049; x_wconf 90' lang='lat' dir='ltr'><strong>inten-</strong></span> 
     </span>
     <span class='ocr_line' id='line_1_33' title="bbox 248 4084 1471 4160; baseline -0.007 -13"><span class='ocrx_word' id='word_1_280' title='bbox 248 4092 290 4147; x_wconf 91' lang='lat' dir='ltr'><strong>tio</strong></span> <span class='ocrx_word' id='word_1_281' title='bbox 304 4102 350 4147; x_wconf 90' lang='lat' dir='ltr'><strong>est</strong></span> <span class='ocrx_word' id='word_1_282' title='bbox 363 4100 395 4147; x_wconf 92' lang='lat' dir='ltr'><strong>ut</strong></span> <span class='ocrx_word' id='word_1_283' title='bbox 408 4091 519 4147; x_wconf 86' lang='lat' dir='ltr'><strong>Christi</strong></span> <span class='ocrx_word' id='word_1_284' title='bbox 532 4092 662 4147; x_wconf 87' lang='lat' dir='ltr'><strong>fidelium</strong></span> <span class='ocrx_word' id='word_1_285' title='bbox 679 4092 793 4145; x_wconf 86' lang='lat' dir='ltr'><strong>animae</strong></span> <span class='ocrx_word' id='word_1_286' title='bbox 806 4091 884 4145; x_wconf 92' lang='lat' dir='ltr'><strong>omni</strong></span> <span class='ocrx_word' id='word_1_287' title='bbox 905 4089 1059 4160; x_wconf 86' lang='lat' dir='ltr'><strong>diligentia</strong></span> <span class='ocrx_word' id='word_1_288' title='bbox 1080 4088 1145 4141; x_wconf 90' lang='lat' dir='ltr'><strong>Deo</strong></span> <span class='ocrx_word' id='word_1_289' title='bbox 1166 4084 1322 4140; x_wconf 86' lang='lat' dir='ltr'><strong>lucrifiant.</strong></span> <span class='ocrx_word' id='word_1_290' title='bbox 1344 4084 1471 4139; x_wconf 82' lang='lat' dir='ltr'><strong>Praece-</strong></span> 
     </span>
     <span class='ocr_line' id='line_1_34' title="bbox 248 4172 1470 4250; baseline -0.007 -14"><span class='ocrx_word' id='word_1_291' title='bbox 248 4182 352 4236; x_wconf 79' lang='lat' dir='ltr'><strong>dantia</strong></span> <span class='ocrx_word' id='word_1_292' title='bbox 365 4182 472 4235; x_wconf 80' lang='lat' dir='ltr'><strong>addita</strong></span> <span class='ocrx_word' id='word_1_293' title='bbox 485 4186 556 4235; x_wconf 81' lang='lat' dir='ltr'><strong>sunt</strong></span> <span class='ocrx_word' id='word_1_294' title='bbox 570 4182 603 4234; x_wconf 86' lang='lat' dir='ltr'><strong>in</strong></span> <span class='ocrx_word' id='word_1_295' title='bbox 616 4180 713 4235; x_wconf 82' lang='lat' dir='ltr'><strong>affero</strong></span> <span class='ocrx_word' id='word_1_296' title='bbox 725 4180 868 4250; x_wconf 74' lang='lat' dir='ltr'><strong>exernplo.</strong></span> <span class='ocrx_word' id='word_1_297' title='bbox 907 4194 956 4221; x_wconf 78' lang='lat' dir='ltr'><strong>-e</strong></span> <span class='ocrx_word' id='word_1_298' title='bbox 975 4175 1166 4232; x_wconf 84' lang='lat' dir='ltr'><strong>tradditams.</strong></span> <span class='ocrx_word' id='word_1_299' title='bbox 1202 4175 1250 4217; x_wconf 76' lang='lat' dir='ltr'><strong>-s</strong></span> <span class='ocrx_word' id='word_1_300' title='bbox 1266 4173 1302 4228; x_wconf 84' lang='lat' dir='ltr'><strong>fn</strong></span> <span class='ocrx_word' id='word_1_301' title='bbox 1315 4172 1470 4245; x_wconf 81' lang='lat' dir='ltr'><strong>margine:</strong></span> 
     </span>
     <span class='ocr_line' id='line_1_35' title="bbox 248 4260 1468 4341; baseline -0.009 -15"><span class='ocrx_word' id='word_1_302' title='bbox 248 4278 279 4326; x_wconf 89' lang='lat' dir='ltr'><strong>et</strong></span> <span class='ocrx_word' id='word_1_303' title='bbox 292 4270 414 4325; x_wconf 90' lang='lat' dir='ltr'><strong>idoneus</strong></span> <span class='ocrx_word' id='word_1_304' title='bbox 428 4287 479 4341; x_wconf 94' lang='lat' dir='ltr'><strong>pro</strong></span> <span class='ocrx_word' id='word_1_305' title='bbox 497 4270 641 4325; x_wconf 88' lang='lat' dir='ltr'><strong>similibus</strong></span> <span class='ocrx_word' id='word_1_306' title='bbox 658 4268 761 4340; x_wconf 90' lang='lat' dir='ltr'><strong>gratiis</strong></span> <span class='ocrx_word' id='word_1_307' title='bbox 774 4275 938 4341; x_wconf 85' lang='lat' dir='ltr'><strong>reputatus,</strong></span> <span class='ocrx_word' id='word_1_308' title='bbox 952 4268 1000 4322; x_wconf 88' lang='lat' dir='ltr'><strong>vel</strong></span> <span class='ocrx_word' id='word_1_309' title='bbox 1013 4282 1113 4321; x_wconf 85' lang='lat' dir='ltr'><strong>earum</strong></span> <span class='ocrx_word' id='word_1_310' title='bbox 1124 4262 1271 4336; x_wconf 88' lang='lat' dir='ltr'><strong>aliquibus</strong></span> <span class='ocrx_word' id='word_1_311' title='bbox 1284 4260 1468 4317; x_wconf 89' lang='lat' dir='ltr'><strong>exercendis.</strong></span> 
     </span>
     <span class='ocr_line' id='line_1_36' title="bbox 245 4349 1469 4429; baseline -0.009 -14"><span class='ocrx_word' id='word_1_312' title='bbox 245 4360 330 4415; x_wconf 81' lang='lat' dir='ltr'><strong>Haec</strong></span> <span class='ocrx_word' id='word_1_313' title='bbox 350 4360 458 4413; x_wconf 81' lang='lat' dir='ltr'><strong>addito</strong></span> <span class='ocrx_word' id='word_1_314' title='bbox 476 4364 547 4413; x_wconf 80' lang='lat' dir='ltr'><strong>suni</strong></span> <span class='ocrx_word' id='word_1_315' title='bbox 567 4360 599 4414; x_wconf 88' lang='lat' dir='ltr'><strong>in</strong></span> <span class='ocrx_word' id='word_1_316' title='bbox 619 4358 715 4413; x_wconf 78' lang='lat' dir='ltr'><strong>altaro</strong></span> <span class='ocrx_word' id='word_1_317' title='bbox 734 4358 877 4429; x_wconf 76' lang='lat' dir='ltr'><strong>exemplo.</strong></span> <span class='ocrx_word' id='word_1_318' title='bbox 916 4371 965 4409; x_wconf 78' lang='lat' dir='ltr'><strong>—u</strong></span> <span class='ocrx_word' id='word_1_319' title='bbox 983 4356 1070 4425; x_wconf 78' lang='lat' dir='ltr'><strong>Quae</strong></span> <span class='ocrx_word' id='word_1_320' title='bbox 1087 4357 1264 4424; x_wconf 81' lang='lat' dir='ltr'><strong>sequuntur,</strong></span> <span class='ocrx_word' id='word_1_321' title='bbox 1281 4352 1401 4405; x_wconf 82' lang='lat' dir='ltr'><strong>uncinis</strong></span> <span class='ocrx_word' id='word_1_322' title='bbox 1424 4349 1469 4404; x_wconf 83' lang='lat' dir='ltr'><strong>in-</strong></span> 
     </span>
     <span class='ocr_line' id='line_1_37' title="bbox 243 4440 1468 4516; baseline -0.011 -11"><span class='ocrx_word' id='word_1_323' title='bbox 243 4450 337 4513; x_wconf 84' lang='lat' dir='ltr'><strong>clusa,</strong></span> <span class='ocrx_word' id='word_1_324' title='bbox 353 4450 461 4503; x_wconf 80' lang='lat' dir='ltr'><strong>addito</strong></span> <span class='ocrx_word' id='word_1_325' title='bbox 474 4452 544 4501; x_wconf 79' lang='lat' dir='ltr'><strong>suni</strong></span> <span class='ocrx_word' id='word_1_326' title='bbox 561 4446 626 4501; x_wconf 82' lang='lat' dir='ltr'><strong>olio</strong></span> <span class='ocrx_word' id='word_1_327' title='bbox 639 4464 744 4501; x_wconf 79' lang='lat' dir='ltr'><strong>mmm.</strong></span> <span class='ocrx_word' id='word_1_328' title='bbox 759 4445 900 4499; x_wconf 82' lang='lat' dir='ltr'><strong>Alterum</strong></span> <span class='ocrx_word' id='word_1_329' title='bbox 918 4444 1099 4516; x_wconf 76' lang='lat' dir='ltr'><strong>exemplum,</strong></span> <span class='ocrx_word' id='word_1_330' title='bbox 1115 4441 1179 4496; x_wconf 84' lang='lat' dir='ltr'><strong>scil.</strong></span> <span class='ocrx_word' id='word_1_331' title='bbox 1193 4441 1273 4511; x_wconf 84' lang='lat' dir='ltr'><strong>quod</strong></span> <span class='ocrx_word' id='word_1_332' title='bbox 1290 4458 1320 4494; x_wconf 83' lang='lat' dir='ltr'><strong>n.</strong></span> <span class='ocrx_word' id='word_1_333' title='bbox 1334 4440 1370 4509; x_wconf 84' lang='lat'><strong>83</strong></span> <span class='ocrx_word' id='word_1_334' title='bbox 1384 4442 1468 4492; x_wconf 80' lang='lat' dir='ltr'><strong>nota-</strong></span> 
     </span>
     <span class='ocr_line' id='line_1_38' title="bbox 243 4528 1469 4607; baseline -0.007 -18"><span class='ocrx_word' id='word_1_335' title='bbox 243 4542 305 4603; x_wconf 80' lang='lat' dir='ltr'><strong>tur,</strong></span> <span class='ocrx_word' id='word_1_336' title='bbox 320 4538 392 4592; x_wconf 81' lang='lat' dir='ltr'><strong>hoec</strong></span> <span class='ocrx_word' id='word_1_337' title='bbox 404 4540 524 4591; x_wconf 82' lang='lat' dir='ltr'><strong>tantum</strong></span> <span class='ocrx_word' id='word_1_338' title='bbox 538 4538 625 4590; x_wconf 79' lang='lat' dir='ltr'><strong>addit</strong></span> <span class='ocrx_word' id='word_1_339' title='bbox 639 4540 706 4607; x_wconf 76' lang='lat' dir='ltr'><strong>post</strong></span> <span class='ocrx_word' id='word_1_340' title='bbox 723 4535 813 4589; x_wconf 82' lang='lat' dir='ltr'><strong>verbo</strong></span> <span class='ocrx_word' id='word_1_341' title='bbox 831 4534 1045 4607; x_wconf 76' lang='lat' dir='ltr'><strong>«postponendi</strong></span> <span class='ocrx_word' id='word_1_342' title='bbox 1059 4533 1149 4587; x_wconf 83' lang='lat' dir='ltr'><strong>horas</strong></span> <span class='ocrx_word' id='word_1_343' title='bbox 1161 4530 1348 4587; x_wconf 81' lang='lat' dir='ltr'><strong>canonicas».</strong></span> <span class='ocrx_word' id='word_1_344' title='bbox 1362 4528 1469 4583; x_wconf 88' lang='lat' dir='ltr'><strong>Valete</strong></span> 
     </span>
    </p>
   </div>
   <div class='ocr_carea' id='block_1_4' title="bbox 243 4623 907 4695">
    <p class='ocr_par' dir='ltr' id='par_1_6' title="bbox 243 4623 907 4695">
     <span class='ocr_line' id='line_1_39' title="bbox 243 4623 907 4695; baseline -0.005 -15"><span class='ocrx_word' id='word_1_345' title='bbox 243 4626 273 4681; x_wconf 89' lang='lat' dir='ltr'><strong>in</strong></span> <span class='ocrx_word' id='word_1_346' title='bbox 287 4626 414 4681; x_wconf 91' lang='lat' dir='ltr'><strong>Domino</strong></span> <span class='ocrx_word' id='word_1_347' title='bbox 428 4633 537 4681; x_wconf 89' lang='lat' dir='ltr'><strong>nostro.</strong></span> <span class='ocrx_word' id='word_1_348' title='bbox 552 4626 661 4679; x_wconf 87' lang='lat' dir='ltr'><strong>Romae</strong></span> <span class='ocrx_word' id='word_1_349' title='bbox 734 4624 814 4695; x_wconf 90' lang='lat' dir='ltr'><strong>Junii</strong></span> <span class='ocrx_word' id='word_1_350' title='bbox 830 4623 907 4692; x_wconf 81' lang='lat'><strong>1546.</strong></span> 
     </span>
    </p>
   </div>
   <div class='ocr_carea' id='block_1_5' title="bbox 0 0 1818 5400">
    <p class='ocr_par' dir='ltr' id='par_1_7' title="bbox 0 0 1818 5400">
     <span class='ocr_line' id='line_1_40' title="bbox 0 0 1818 5400; baseline 0 9"><span class='ocrx_word' id='word_1_351' title='bbox 0 0 1818 5400; x_wconf 95' lang='lat' dir='ltr'><strong> </strong></span> 
     </span>
    </p>
   </div>
  </div>
 </body>
</html>
