3625 5400
596 438 762 494 Anasumx
780 438 1088 495 narum-Anonos
1370 441 1430 512 733·

294 594 348 658 ne
364 592 472 657 noma
492 609 531 674 17
547 592 590 659 ne
608 562 765 659 neurero
782 592 824 657 de
843 591 943 675 1546.

293 710 337 773 D.
357 709 401 774 V.
420 707 466 774 A.
485 705 675 773 humillimo
690 729 713 793 y
730 705 919 797 pe[r]petuo
935 704 1049 774 siervo
1064 726 1109 787 cn
1125 708 1157 773 el
1172 709 1285 777 Sertor
1300 723 1467 794 nuestro,

1099 824 1276 893 tommo.

294 964 488 1050 Inscriptio
508 909 597 1031 llis.
618 964 650 1031 Α
664 962 709 1028 mi
722 973 824 1029 senor
837 978 883 1030 en'
892 964 925 1030 el
937 931 1048 1032 Sertor
1061 977 1202 1033 nuestro
1215 969 1247 1034 el
1264 968 1453 1055 principe.»

292 1180 377 1265 Pag.
398 1180 475 1263 367.
570 1180 709 1247 PATRI
749 1168 961 1248 CLAUDIO
992 1180 1101 1269 JAJO

645 1294 770 1349 nonno
788 1306 897 1350 unnrn
919 1294 989 1365 1546
1007 1295 1028 1351 ¹.

224 1394 296 1464 Qua
308 1394 429 1449 ratione
447 1394 587 1451 Tridenti
597 1393 671 1448 socii
682 1410 713 1448 sc
722 1410 831 1465 gerere
846 1394 984 1458 debeant,
1001 1394 1144 1467 ignatius
1157 1395 1273 1451 innuit.
1283 1426 1316 1439 -
1329 1398 1458 1454 Loiniua

438 1502 474 1539 aa
487 1483 647 1538 Salmeron
660 1482 736 1538 illuc
744 1487 811 1554 post
824 1483 911 1538 breve
923 1486 1041 1554 tempus
1052 1485 1131 1539 ituri
1142 1488 1227 1541 sunt.

786 1580 888 1723 Jtius
1249 1704 1264 1737 ⁹

282 1755 327 1841 Jo
345 1775 413 1819 non
432 1751 464 1817 ui
482 1773 584 1838 posso
599 1751 777 1820 dechiarar
793 1772 853 1836 per
867 1751 989 1819 lettere
1005 1752 1039 1816 lo
1054 1753 1119 1818 che
1134 1764 1291 1838 saperete
1306 1775 1327 1820 a
1343 1756 1455 1822 bocha

220 1888 281 1954 per
301 1868 415 1935 alcuni
436 1866 469 1933 di
492 1867 615 1936 fratelli
636 1866 755 1946 nostri,
778 1867 917 1953 quando
944 1888 1067 1934 serano
1092 1867 1231 1934 arribati
1257 1869 1307 1952 lai,
1329 1881 1365 1938 et
1392 1890 1453 1956 per

218 1994 341 2069 questo
358 2006 426 2050 non
444 1984 489 2048 mi
506 1981 721 2069 marauiglio,
740 1980 853 2047 inanzi
870 1980 916 2046 mi
932 1981 1055 2048 edifico
1074 1984 1118 2050 de
1139 1985 1262 2051 alcune
1282 2005 1363 2051 cose
1386 1988 1454 2053 che

218 2100 367 2168 scriuete
388 2102 414 2167 ¹.
439 2101 510 2166 Pur
532 2097 661 2184 sapiate
682 2100 749 2167 che
769 2100 788 2165 ὁ
810 2097 957 2184 bisogna
977 2097 1088 2183 primo
1107 2101 1293 2186 adoperare
1313 2100 1349 2167 in
1369 2122 1452 2169 cose

217 2216 284 2303 pie,
303 2216 432 2283 humile
448 2227 483 2284 et
498 2214 611 2295 basse,
629 2217 695 2283 che
710 2236 730 2280 a
747 2213 895 2283 ninsuno
910 2236 1013 2301 possa
1029 2216 1096 2282 mal
1108 2237 1239 2301 parere3
1255 2218 1383 2302 perche
1397 2217 1451 2283 ui-

216 2332 299 2399 sitar
315 2332 338 2397 li
355 2330 512 2418 hospitali
528 2342 564 2399 et
579 2332 754 2399 confessar
770 2330 824 2397 ali
837 2329 963 2395 infirmi
976 2351 1040 2396 con
1053 2331 1144 2397 bona
1155 2330 1294 2398 licentia
1309 2342 1344 2397 et
1355 2354 1453 2399 amor

216 2448 250 2514 di
266 2448 370 2535 quelli
387 2450 452 2514 che
467 2468 682 2534 gouernan03
702 2456 736 2514 et
753 2445 828 2513 cusi
846 2447 1003 2513 medemo
1019 2446 1248 2513 contessando
1269 2448 1356 2516 altre
1370 2470 1451 2533 per-

215 2585 310 2644 sone,
329 2585 429 2631 come
445 2564 491 2629 mi
508 2563 655 2631 scriuete
672 2565 736 2628 ebe
753 2564 848 2641 fatte,
867 2564 1020 2629 anchora
1035 2564 1100 2629 che
1116 2563 1207 2630 fosse
1223 2562 1259 2628 in
1271 2563 1358 2631 altre
1370 2586 1451 2650 par-

215 2679 342 2760 rochie,
361 2690 396 2746 ct
412 2680 624 2748 exhortando
645 2699 712 2744 con
732 2678 823 2744 bona
843 2676 980 2744 licentia
1001 2688 1036 2744 et
1056 2662 1173 2746 amore
1193 2678 1274 2747 delli
1297 2678 1449 2766 piouani,

215 2817 282 2862 non
299 2798 331 2862 c'
349 2798 368 2862 ὁ
384 2795 522 2863 racione
538 2796 660 2861 alcuna
676 2796 740 2860 che
756 2793 778 2858 li
796 2793 855 2860 tali
872 2815 942 2860 non
957 2815 995 2860 se
1010 2794 1242 2875 edificasser03
1261 2807 1296 2862 et
1316 2795 1339 2860 li
1356 2795 1447 2878 altri,

213 2913 376 2996 parlando
404 2911 439 2977 in
468 2911 674 2989 uniuersale,
705 2910 860 3010 vadendo
888 2912 953 2977 che
976 2910 1111 2976 andano
1137 2931 1203 2976 con
1229 2910 1385 2979 humilita
1413 2911 1449 2978 in

211 3028 328 3093 buone
344 3049 447 3112 opere
463 3038 498 3094 et
516 3026 658 3092 tacendo
675 3027 726 3090 far
743 3025 897 3093 oratione
919 3047 980 3110 per
995 3045 1076 3122 cosa
1096 3027 1161 3092 che
1183 3037 1279 3092 tanto
1302 3026 1450 3113 importa

212 3165 231 3210 a
250 3152 340 3209 tutta
356 3143 389 3210 la
405 3141 583 3228 xpianitai,
602 3163 647 3226 yo
665 3163 719 3209 me
735 3140 906 3227 persuado
922 3143 987 3208 che
1002 3139 1027 3205 il
1047 3162 1145 3208 sacro
1165 3138 1323 3223 concilio,
1345 3142 1374 3208 si
1397 3144 1447 3209 fa-

208 3280 306 3327 cesse
321 3257 595 3326 consideratione
611 3279 714 3342 sopra
730 3255 762 3322 la
778 3254 1006 3342 Compagnia,
1022 3255 1135 3322 inanzi
1151 3257 1336 3325 laudareue
1348 3282 1368 3325 a
1380 3258 1448 3325 Dio
1537 3347 1545 3358 ,

211 3417 422 3428 -ι--ι-

262 3511 269 3542 ¹
308 3511 351 3564 Ex
365 3511 429 3565 cod.
452 3509 563 3574 Vitelt„
577 3507 664 3564 unico
676 3507 741 3576 foi,
756 3525 784 3566 n.
798 3505 845 3577 66,
859 3505 941 3579 prius
954 3520 1018 3578 442,
1033 3523 1121 3562 manu
1134 3508 1168 3561 P.
1184 3508 1328 3565 Ferronii

260 3603 272 3634 ²
310 3600 373 3655 Nec
387 3600 442 3667 vir,
456 3599 504 3654 cui
518 3599 643 3670 epistola
656 3596 806 3665 scribitur,
821 3613 876 3652 nec
890 3603 1008 3668 tempus
1020 3613 1079 3670 quo
1091 3595 1161 3652 data
1173 3605 1232 3666 est,
1251 3615 1289 3652 ex
1307 3598 1380 3670 ipsis
1398 3599 1445 3656 tit-

208 3689 280 3744 teris
292 3697 424 3761 apparet.
440 3687 532 3744 Nobis
547 3704 617 3742 vero
630 3695 744 3742 certum
759 3694 805 3741 est
823 3685 903 3741 illam
921 3685 1002 3740 Patri
1020 3685 1087 3755 Jajo
1105 3685 1238 3757 inscribi,
1251 3686 1301 3760 qui
1319 3687 1442 3743 Triden-

208 3785 269 3832 tum
281 3795 382 3833 mense
394 3777 551 3832 Decembri
564 3789 631 3846 1545
644 3784 830 3848 pervenerat,
841 3793 876 3830 «a
885 3774 1036 3831 Cardinali
1045 3774 1221 3830 Tridentino
1231 3774 1446 3833 humanissime

207 3867 334 3939 hospitio
348 3875 519 3939 exceptus».
533 3866 717 3934 PotnncUS,
731 3864 892 3930 Chron.,1,
905 3877 965 3933 154.
979 3865 1064 3935 Quae
1078 3863 1157 3918 enim
1170 3865 1201 3919 in
1214 3867 1269 3920 hoc
1279 3866 1443 3922 litterarum

206 3953 372 4026 fragmento
384 3954 533 4022 dicuntur,
548 3971 582 4008 ea
601 3970 720 4026 prorsus
738 3951 788 4007 uni
805 3954 871 4024 JaJ'o
887 3951 1081 4022 conveniunt,
1098 3953 1149 4024 qui
1162 3954 1244 4008 solus
1261 3970 1278 4007 e
1292 3953 1444 4012 societate

206 4043 340 4099 Tridenti
351 4053 421 4099 tnnc
435 4045 617 4115 versabatur,
629 4051 699 4097 ante
712 4059 799 4114 quam
812 4040 862 4096 alii
875 4040 948 4096 socii
959 4040 1030 4097 illuc
1043 4041 1206 4096 venissent.
1218 4041 1309 4096 Porro
1318 4043 1348 4098 hi
1359 4043 1444 4114 socii,

205 4149 329 4206 quorum
347 4133 527 4189 mentionem
545 4131 677 4202 Ignatius
694 4129 776 4198 facit,
795 4139 879 4185 erant
896 4130 1001 4185 Patres
1019 4129 1140 4185 Lainius
1159 4138 1190 4185 et
1209 4129 1375 4203 Salmeron,
1392 4132 1443 4204 qui

205 4221 428 4278 instructionem
448 4222 512 4276 sive
525 4220 662 4276 mandata
675 4219 783 4291 Ignatii
797 4219 827 4274 in
841 4218 959 4291 scriptis
976 4236 1078 4275 secum
1101 4218 1234 4275 terebant
1247 4220 1285 4276 de
1298 4221 1345 4292 iis,
1366 4239 1443 4293 quae

204 4311 340 4367 Tridenti
357 4313 395 4366 ab
414 4309 485 4382 ipsis
502 4308 679 4382 praestanda
692 4318 790 4378 erant;
804 4308 874 4363 vide
891 4326 992 4380 supra,
1005 4325 1092 4381 page.
1113 4307 1242 4378 386-389.
1258 4311 1302 4364 Ex
1315 4311 1442 4382 epistota

205 4408 304 4455 autem
321 4399 417 4454 Patris
435 4399 493 4469 Jaji
514 4411 546 4452 12
564 4398 662 4452 Martii
677 4397 757 4467 1546,
771 4415 847 4470 quae
864 4398 1019 4469 responsio
1036 4398 1073 4453 ad
1088 4400 1163 4453 hanc
1176 4399 1333 4470 epistolam
1347 4398 1442 4456 videri

205 4496 315 4560 potest,
326 4489 437 4543 eruitur
451 4505 515 4542 eam
528 4487 626 4542 datam
637 4486 731 4542 fuisse
741 4487 789 4542 die
801 4486 820 4541 6
832 4487 941 4543 Martii:
955 4487 1074 4559 «Hoggi
1086 4489 1124 4543 ho
1137 4497 1279 4544 receuuto
1293 4490 1321 4544 te
1334 4491 1442 4546 lettere

124 4584 129 4594 “
204 4578 235 4633 di
248 4579 284 4633 V.
299 4580 335 4637 R.
350 4577 450 4634 dellio
466 4577 497 4633 di
510 4578 660 4632 Marso...»
675 4577 792 4648 Quibus
805 4576 942 4633 omnibus
955 4577 1109 4633 conficitur
1126 4586 1313 4650 praesentem
1333 4581 1441 4652 episto·

204 4668 262 4723 lam
277 4675 342 4740 post
357 4679 418 4736 117,
431 4683 507 4740 quae
521 4680 555 4721 22
569 4665 721 4722 Februarii
738 4665 806 4736 1546
815 4666 883 4721 data
896 4674 954 4737 est,
969 4665 1031 4722 fore
1041 4667 1255 4722 collocandam.
