3625 5400
636 389 739 442 Epist.
763 399 893 458 175·-¹1
915 388 1001 459 Junn
1022 400 1089 458 1547
1386 403 1438 460 527

246 557 334 620 quae
350 536 434 603 mihi
450 559 552 623 quam
568 538 762 625 gratissime
776 538 810 605 in
828 538 976 606 Domino
987 541 1139 621 suerunt,
1154 550 1189 608 et
1202 541 1338 608 abunde
1351 542 1472 609 testifi-

245 664 324 721 cate
338 664 456 720 essent
473 664 545 719 turn
556 654 739 723 candorem
751 654 856 721 animi
872 677 913 721 ac
923 655 1085 741 pietatem
1097 656 1310 742 paternitatis
1323 668 1468 740 vestrae,

245 779 319 848 tum
340 768 557 850 charitatem,
577 791 644 854 qua
671 791 734 836 nos
755 779 894 856 propter
915 772 1024 837 lhum.
1048 773 1118 838 XF
1139 773 1385 858 redemptorem
1408 796 1470 840 no·

244 894 355 949 strum
376 885 608 970 prosequitur,
630 884 696 952 nisi
716 877 923 953 luculentius
944 885 1175 953 testimonium
1195 885 1349 972 vtrisque
1369 910 1471 974 opera

245 991 318 1085 ipsa
333 999 400 1066 iam
417 999 546 1086 pridem
563 1003 653 1087 apud
669 1023 734 1068 nos
749 1001 988 1087 prestitissent,
1002 1002 1031 1069 si
1044 1001 1180 1088 quidem
1197 1002 1265 1069 iam
1278 1002 1359 1072 inde
1375 1006 1472 1070 abeo

248 1127 415 1208 ternpore,
437 1137 506 1200 quo
526 1117 632 1182 nostri
651 1116 751 1184 isthic
771 1117 900 1185 versari
922 1128 1098 1204 ceperunt,
1117 1128 1257 1184 sanctus
1279 1120 1364 1185 odor
1387 1140 1472 1187 con-

246 1232 367 1298 stantis
383 1232 474 1311 fidei,
489 1230 686 1318 relligionis
701 1232 962 1318 deuotionisque
974 1244 1098 1314 vestre,
1114 1234 1156 1300 ad
1172 1255 1235 1300 nos
1251 1246 1468 1320 peruenerat,

245 1369 344 1431 quae,
363 1369 432 1432 quo
455 1347 561 1413 rarior
583 1346 657 1414 istis
680 1346 714 1413 in
738 1347 833 1428 locis,
855 1369 897 1414 eo
918 1347 1093 1415 amabilior
1109 1350 1207 1415 bonis
1220 1350 1380 1416 omnibus
1396 1372 1472 1418 esse

189 1549 197 1565 .
246 1464 403 1542 debebat,
429 1463 554 1549 quippe
578 1484 666 1549 quae
681 1474 716 1532 et
731 1463 948 1532 illustriorem
971 1463 1132 1532 virtutem
1150 1474 1184 1532 et
1199 1467 1276 1532 Deo
1292 1464 1471 1550 gloriosio-

247 1599 317 1645 rem
335 1580 509 1647 conderet.

314 1697 485 1776 Preterea,
504 1694 650 1777 charitas
665 1705 699 1762 et
715 1695 942 1763 beneficentia
962 1694 1088 1762 nostris
1108 1706 1248 1782 propter
1264 1698 1376 1762 lhum.
1400 1699 1471 1763 X.¹”

247 1783 400 1896 impensa
414 1810 497 1877 satis
513 1811 638 1896 alioqui
654 1809 858 1889 coniunctos
873 1811 1051 1878 charitatis
1068 1810 1204 1878 vinculo
1221 1811 1399 1879 constrixit
1416 1835 1471 1879 ar-

248 1925 350 2008 ctius,
369 1936 406 1990 vt
421 1947 482 2012 par
496 1937 581 2007 erat,
599 1925 794 2011 paternitati
809 1937 943 1993 vestrae
964 1947 1004 1992 ac
1024 1927 1150 1992 deuoto
1167 1927 1372 1993 monasterio
1393 1949 1468 1994 suo.

313 2043 404 2109 lllud·
416 2052 530 2110 tamen
545 2064 606 2128 pre
621 2042 745 2109 ceteris
761 2045 809 2126 (vt
824 2063 867 2108 ex
882 2065 921 2110 se
937 2042 1046 2108 maius
1069 2053 1104 2108 et
1127 2041 1317 2109 dilectionis
1334 2043 1470 2110 maioris

247 2157 374 2226 certius
394 2153 564 2241 inditium)
585 2141 649 2223 n'os
671 2156 837 2237 deuinxit,
860 2158 953 2242 quod
972 2158 1175 2224 denotatum
1196 2157 1388 2224 orationum
1410 2182 1471 2228 ve-

247 2285 394 2340 strarum
417 2285 452 2339 et
480 2274 612 2358 piorum
636 2295 776 2359 operum
798 2273 961 2359 peculiari
982 2273 1153 2340 consortio
1181 2274 1314 2360 dignati
1342 2275 1474 2342 fueritis

246 2389 454 2458 Societatem
475 2400 639 2468 nostram,
658 2399 693 2456 et
708 2389 837 2456 eisdem
861 2388 1025 2457 adiuuare
1049 2411 1111 2455 nos
1136 2390 1281 2455 necdum
1301 2389 1468 2470 desinitis

247 2504 318 2590 qui,
336 2516 372 2569 vt
389 2504 535 2589 impares
552 2503 693 2570 nimium
710 2526 829 2570 sumus
845 2525 887 2570 ex
904 2503 1002 2570 nobis
1025 2506 1068 2571 ad
1093 2504 1139 2585 id,
1164 2506 1257 2590 quod
1273 2505 1471 2591 profitemur

247 2643 290 2686 ex
306 2620 452 2686 instituti
464 2620 570 2686 nostri
587 2621 731 2702 ratione,
745 2621 954 2704 obeundum,
969 2621 1016 2686 ita
1028 2642 1130 2705 quam
1147 2619 1291 2687 maxime
1307 2618 1393 2707 opus
1408 2623 1471 2686 ha-

246 2738 366 2804 bemus
382 2737 594 2803 orationibus
606 2736 741 2818 vestriS,
756 2748 793 2801 vt
805 2736 918 2803 omnia
935 2735 1106 2821 possimus
1118 2736 1153 2815 in
1169 2760 1223 2816 eu,
1239 2737 1296 2821 qui
1314 2759 1376 2803 nos
1389 2758 1473 2804 con·
1545 2788 1551 2804 .

244 2855 360 2918 fortat.
383 2853 516 2919 Reddat
541 2874 627 2939 ergo
647 2853 841 2939 paternitati
861 2864 995 2921 vestrae
1018 2863 1052 2919 et
1073 2851 1208 2917 deuotis
1229 2851 1408 2933 fratribus,
1435 2853 1470 2918 in

246 2969 321 3036 Ihu.
337 2968 401 3034 X.⁰
417 2968 554 3034 domino
569 2979 685 3035 nostro
701 2967 919 3047 charissimis,
934 2967 1037 3046 idem,
1052 2978 1189 3053 propter
1205 2968 1304 3033 cuius
1321 2962 1471 3037 amorem

247 3105 308 3150 vos
324 3084 437 3150 omnia
453 3084 567 3169 agitis
585 3084 752 3169 cuiusque
768 3082 912 3169 gloriam
930 3103 1003 3162 nos,
1018 3082 1092 3149 siue
1110 3082 1144 3147 in
1161 3081 1200 3148 iis
1216 3104 1303 3166 quae
1321 3084 1469 3167 agimuS,

246 3199 320 3265 siue
348 3222 435 3284 quae
461 3199 626 3284 patimur,
656 3220 800 3284 querere
826 3199 1003 3267 debemus.
1027 3198 1200 3284 Dignetur
1224 3197 1326 3265 etiam
1355 3198 1471 3263 diuina

245 3314 353 3401 ipsius
368 3315 490 3423 pietas³
505 3314 670 3398 quidquid
683 3324 748 3393 est,
763 3314 855 3397 quod
868 3312 903 3377 in
916 3312 1042 3379 nostris
1055 3313 1110 3383 vel
1122 3311 1307 3390 sacrificiis,
1323 3312 1377 3377 vel
1394 3334 1471 3377 ora·

247 3430 409 3509 tionibus,
427 3431 482 3495 vel
498 3428 658 3515 operibus
674 3428 705 3496 ei
721 3429 867 3513 placeat,
882 3450 943 3514 pro
960 3430 1035 3495 lhu.
1053 3426 1109 3494 X.¹
1126 3426 1195 3513 (qui
1207 3426 1340 3512 justitia
1357 3438 1470 3493 nostra

243 3547 305 3630 est)
318 3520 475 3631 impenso
495 3543 594 3611 nobis
615 3544 785 3629 sanguine
806 3554 840 3609 et
861 3542 1095 3609 liberalissima
1116 3542 1223 3628 ipsius
1243 3543 1470 3623 estimatione,

243 3661 292 3740 id,
310 3660 462 3745 inquam,
480 3682 581 3726 omne
597 3658 793 3746 paternitati
814 3669 949 3727 vestrae
969 3668 1004 3725 et
1020 3657 1076 3744 pio
1092 3656 1265 3725 consortio
1286 3680 1349 3723 suo
1366 3679 1472 3743 pecuu

246 3775 318 3842 liari
336 3776 438 3841 modo
454 3774 709 3843 communicare
725 3796 765 3840 ae
781 3776 870 3841 ferre
886 3772 1076 3859 acceptum?

314 3894 367 3959 De
383 3891 499 3976 granis
513 3890 580 3969 illis
592 3888 799 3958 consecratis
812 3912 832 3986 a
847 3910 981 3955 summo
993 3889 1164 3975 pontifice,
1179 3888 1383 3975 donatisque
1399 3887 1471 3953 exi-

248 4006 324 4072 miis
351 4005 538 4092 gratiarum
565 4005 804 4091 prerogatiuis‚
821 4005 907 4073 licet
936 4006 978 4070 ad
1005 4003 1210 4090 paucitatem
1231 4004 1300 4070 sint
1322 4004 1470 4083 redacta,

247 4144 374 4208 equum
390 4142 459 4187 non
475 4132 528 4189 est
542 4123 662 4189 deesse
678 4143 741 4187 nos
756 4120 930 4187 deuotioni
948 4130 1082 4188 vestrae
1098 4118 1311 4205 paternitatis
1332 4132 1367 4184 et
1390 4096 1473 4184 eha-

247 4237 457 4305 rissimorum
472 4238 626 4317 fratrum,
645 4259 713 4321 qua
732 4246 829 4322 parte
844 4257 1037 4321 possumuS,
1056 4234 1215 4300 iuvande.
1236 4234 1335 4301 Mitto
1352 4256 1436 4319 ergo
1454 4252 1472 4316 7

247 4354 425 4438 spherulas
437 4354 481 4419 ob
493 4352 628 4421 numeri
640 4351 854 4432 electionem,
869 4352 925 4415 vel
937 4360 973 4413 vt
986 4351 1075 4415 dona
1092 4350 1201 4415 sancti
1214 4349 1361 4434 Spiritus
1374 4349 1473 4414 vobis

247 4480 283 4534 et
305 4468 404 4535 nobis
427 4468 529 4535 etiam
552 4467 749 4554 impetretis
777 4468 884 4531 Porro
907 4466 999 4549 quod
1020 4464 1158 4550 exigere
1178 4466 1327 4532 solemus
1352 4466 1394 4531 ab
1419 4464 1472 4545 iis,

249 4606 336 4670 quos
352 4584 464 4669 aliqua
479 4605 596 4650 earum
612 4584 791 4664 donamuS,
809 4580 911 4651 etiam
928 4580 1062 4661 addam,
1081 4580 1252 4661 nimirum,
1271 4592 1319 4660 vt,
1339 4581 1366 4646 si
1383 4602 1473 4645 nun·
