3625 5400
799 485 1007 544 Mortuum
1024 455 1203 541 torremur

699 800 912 869 DOCTORI
937 800 1092 868 PETRO
1115 800 1305 868 ORTIZIO

772 927 862 972 norro
873 927 1016 972 susurre
1029 927 1118 971 runo
1133 913 1202 984 154⁶
1216 913 1236 971 ¹.

386 1015 539 1088 ignotius,
550 1013 729 1087 paupertati
740 1013 953 1070 custodiendas
965 1012 1146 1086 invigilans,
1158 1013 1371 1078 sacerdotium,
1381 1013 1461 1085 quod
1474 1011 1618 1068 Socieioii

636 1100 784 1174 offerebat
796 1103 899 1158 doctor
915 1101 1062 1167 Ortisius,
1076 1101 1181 1158 renuit
1192 1103 1365 1158 admittere.
1543 1121 1548 1130 ¹

455 1221 560 1288 Entre
576 1229 669 1286 otros
685 1220 865 1306 capitulos
880 1239 948 1303 que
963 1217 1098 1286 escritoe
1113 1221 1215 1287 Mtro.
1230 1217 1365 1306 Ignatio
1375 1218 1409 1287 al
1419 1227 1523 1286 senor
1533 1217 1619 1303 doc·

389 1345 442 1401 tor
458 1336 568 1416 Ortis,
585 1356 623 1403 es
638 1335 670 1403 el
686 1355 755 1401 vno
770 1334 804 1400 lo
819 1355 887 1420 que
902 1357 941 1404 se
956 1334 1069 1422 sigue.
1088 1347 1102 1374 ⁸

441 1519 455 1547 ι
478 1503 599 1558 Titulus
611 1505 646 1558 in
660 1521 674 1556 u
683 1502 783 1567 Vitell,
794 1515 863 1572 9¹7».-
873 1503 953 1558 Hum
965 1503 1093 1575 capitolo
1105 1501 1159 1558 dos
1172 1518 1231 1576 que
1244 1518 1385 1559 escreueo
1394 1519 1413 1558 0
1426 1501 1460 1558 P.
1474 1502 1559 1558 Mtre.
1570 1501 1617 1572 Ig-

388 1592 473 1648 nsoio
485 1608 521 1648 so
534 1593 588 1648 Dr.
602 1589 695 1660 Ortis‚
710 1609 768 1664 que
779 1592 881 1664 queris
893 1591 1103 1663 [renuncisr]o
1121 1608 1176 1647 seu
1192 1589 1338 1647 beneficio
1354 1607 1412 1664 que
1430 1589 1542 1646 ualeria
1559 1598 1615 1646 tre-

362 1703 365 1709 ¹
387 1689 491 1737 centos
503 1678 554 1736 mil
568 1678 637 1736 reis.
651 1681 698 1735 De
711 1680 803 1736 Rome
815 1679 853 1735 de
868 1679 947 1749 1546.
963 1680 999 1734 ln
1009 1681 1091 1735 «cod.
1102 1678 1192 1734 Ebor.
1204 1679 1253 1734 [Io
1263 1679 1425 1752 leg-itum..
1436 1695 1490 1750 por
1498 1680 1528 1736 el
1537 1677 1613 1751 prio·

387 1770 464 1843 cipio
477 1768 526 1825 del
538 1773 595 1826 aito
607 1768 645 1825 de
660 1769 739 1839 1546.

391 1875 601 1887 ————

442 1923 449 1954 ¹
487 1923 533 1976 Ex
545 1923 609 1977 cod.
630 1920 742 1985 Viuit,
757 1936 856 1992 apogr.
873 1933 885 1975 1
901 1919 965 1991 fol„
978 1937 1008 1975 n.
1019 1919 1065 1989 96,
1074 1920 1155 1992 prius
1165 1935 1229 1991 449,
1241 1917 1311 1978 Duo
1319 1919 1376 1976 elie
1385 1927 1504 1976 exstant
1512 1935 1612 1992 apogr.

390 2011 421 2066 io
434 2009 538 2066 eodem
551 2008 653 2066 codice
666 2011 723 2065 sub
736 2027 786 2066 nn.
800 2025 837 2080 94
849 2017 880 2064 et
892 2020 938 2080 973
952 2008 1032 2064 aliud
1044 2009 1075 2064 in
1087 2009 1151 2064 cod.
1168 2009 1258 2064 Ebot.
1271 2009 1298 2074 I,
1312 2009 1363 2065 fol.
1379 2009 1426 2078 683
1440 2017 1472 2065 et
1487 2007 1568 2065 aliod
1583 2008 1614 2064 in

388 2101 451 2154 cod.
466 2098 557 2155 Ebor.
574 2098 614 2163 II,
628 2097 679 2154 fol.
693 2096 900 2168 53.-Cortas,
916 2115 945 2153 n.
959 2096 1094 2152 XCVIII.

440 2189 486 2243 De
499 2189 553 2243 hac
566 2188 692 2260 epistola
704 2201 738 2242 ac
750 2185 927 2254 sacerdotio,
937 2187 1015 2259 quod
1025 2203 1116 2260 prope
1126 2186 1277 2242 Matritum
1288 2186 1318 2242 in
1331 2186 1440 2261 oppido
1449 2186 1614 2260 Galepsgsr

388 2279 492 2334 Petrus
505 2275 637 2336 Ortizius
654 2278 783 2332 habebat
800 2285 833 2332 et
849 2275 886 2332 ad
902 2275 1024 2332 alendos
1046 2283 1162 2332 nostros
1184 2275 1380 2354 scholasticos,
1398 2279 1616 2350 complutense·

385 2364 598 2422 conferendum
612 2364 755 2420 Societati
767 2366 902 2436 curabat,
915 2365 1034 2436 scripsit
1045 2365 1204 2421 Ferronius
1221 2363 1356 2421 lusitanis
1372 2367 1494 2421 brevem
1508 2364 1617 2439 episto-

386 2459 455 2526 lam,
467 2472 556 2529 quam
568 2453 750 2512 desumimus
764 2472 801 2510 ex
813 2457 878 2511 cod.
899 2454 999 2510 Vitell.
1014 2472 1043 2510 n.
1058 2467 1105 2526 95,
1118 2463 1223 2528 estque
1236 2457 1405 2528 exemplum
1418 2472 1506 2511 manu
1523 2455 1616 2529 ipsius

387 2546 421 2601 P.
435 2543 569 2601 Ferronii
582 2553 743 2600 exaratum.
758 2543 898 2616 Ejusdem
917 2543 1059 2616 epistolae
1076 2543 1156 2601 aliud
1173 2545 1300 2602 habetur
1317 2548 1486 2618 exemplum
1503 2545 1534 2600 in
1549 2546 1615 2601 cod.

388 2635 478 2690 Ebor.
493 2635 518 2696 Ι,
533 2633 583 2688 fol.
596 2633 663 2705 67'v;
678 2643 709 2690 et
721 2633 801 2690 aliud
814 2634 844 2690 in
857 2636 921 2691 cod.
935 2634 1027 2690 Eoor.
1041 2635 1084 2701 ΙΙ,
1098 2633 1149 2690 fol.
1164 2633 1223 2705 53r.
1238 2635 1271 2690 ln
1282 2635 1329 2690 his
1341 2633 1498 2708 postremis
1516 2651 1616 2690 exem·

387 2722 442 2794 plis
456 2724 513 2791 tria
525 2723 574 2778 vel
587 2730 712 2795 quotuor
724 2731 837 2783 tontum
850 2722 1055 2779 desiderantur
1067 2727 1169 2781 verba.
1182 2723 1234 2780 Sic
1247 2740 1318 2780 vero
1331 2724 1499 2781 Petronius:

967 2831 1047 2940 ni..

440 2974 474 3029 El
488 2973 550 3028 81)ΙΓ
561 2972 664 3029 doctor
676 2972 762 3032 Ortiz
774 2989 830 3029 con
843 2990 878 3028 su
892 2982 977 3029 santo
989 2975 1086 3045 zeloy
1102 2990 1184 3029 amor
1199 2991 1257 3046 que
1277 2975 1357 3031 tiene
1375 2978 1392 3031 i
1409 2978 1437 3031 la
1454 2974 1616 3048 Companis

386 3080 424 3118 en
436 3064 464 3117 el
479 3062 572 3117 Senor
585 3070 717 3131 nuestro,
731 3078 817 3118 como
827 3062 944 3135 proprio
955 3062 1045 3132 della,
1059 3064 1135 3118 vltra
1148 3071 1226 3118 otras
1243 3062 1415 3135 diligentias
1433 3082 1503 3137 psrs
1516 3064 1617 3137 ajudsr

384 3172 404 3224 y
418 3152 507 3208 hezer
518 3152 688 3223 collegiosi
703 3155 748 3208 los
761 3160 897 3208 nuestros
910 3151 1087 3225 studisntes,
1099 3154 1137 3207 hs
1150 3152 1272 3209 tentsdo
1287 3153 1379 3210 dexsr
1394 3171 1446 3210 sus
1463 3163 1562 3211 tentas
1577 3154 1616 3210 de

385 3241 590 3297 siettecientos
603 3240 740 3311 escudos,
753 3260 774 3313 y
787 3240 938 3296 imbiando
950 3241 1043 3296 orden
1052 3258 1122 3314 pars
1132 3240 1288 3314 expedisse
1299 3260 1337 3299 en
1347 3252 1411 3299 esta
1421 3260 1617 3317 manerepnrn

385 3332 530 3401 proueher
542 3333 558 3385 i
572 3348 623 3386 sus
636 3330 759 3401 finimas,
773 3348 830 3403 que
845 3346 904 3385 vno
916 3329 954 3385 de
966 3332 1012 3385 los
1030 3329 1179 3403 professos
1197 3340 1287 3403 tenga
1303 3333 1572 3389 successiunmente
1588 3333 1618 3388 ln

385 3420 620 3476 administration
637 3438 657 3491 y
675 3436 745 3475 curs
756 3418 805 3475 del
823 3436 859 3475 su
874 3418 1029 3491 beneficio,
1050 3419 1195 3491 alegando
1208 3422 1329 3476 muchas
1341 3437 1464 3477 razones
1481 3439 1551 3495 pare
1566 3438 1617 3494 po-

388 3509 474 3564 derse
487 3510 576 3564 hezer
588 3516 647 3563 etc.

437 3598 477 3653 M.
491 3597 607 3669 Ignatio
620 3614 657 3652 en
671 3598 762 3653 maior
774 3596 868 3669 gloria
880 3595 982 3652 diuina
995 3598 1023 3652 le
1035 3598 1109 3652 haze
1122 3607 1284 3670 responsu,
1300 3598 1337 3655 de
1350 3601 1379 3655 le
1394 3601 1463 3673 quel
1481 3616 1514 3655 es
1532 3598 1617 3673 copis

384 3690 483 3759 laque
495 3703 529 3743 se
542 3686 637 3758 signe:
651 3702 703 3757 por
715 3703 764 3741 ser
776 3693 859 3742 tanto
876 3685 926 3741 fiel
944 3702 982 3741 en
999 3687 1027 3742 el
1045 3686 1140 3742 Senos
1158 3696 1278 3743 nuestro
1293 3706 1315 3760 y
1331 3692 1391 3744 assi
1407 3688 1552 3760 digna-de
1568 3704 1617 3745 ser

382 3775 542 3847 guardada,
556 3776 584 3831 la
597 3777 663 3848 qual
676 3792 716 3847 yo
728 3778 859 3844 reserue,
876 3792 988 3847 porque
1001 3777 1030 3830 la
1042 3775 1169 3848 primera
1182 3794 1294 3833 mesma
1305 3779 1334 3833 61
1347 3776 1481 3834 dittsndo
1492 3781 1510 3833 έ
1523 3794 1617 3851 yoes·

383 3864 533 3936 criuendo,
548 3867 637 3935 luogo
651 3866 679 3919 le
693 3862 743 3919 fue
757 3863 903 3920 embiada.

943 4019 949 4027 .
1012 4022 1016 4028 .
1057 3974 1254 4029 Brnrocorrn
1274 3947 1438 4030 Furnos.»

436 4077 591 4151 Inscriptio
605 4076 809 4150 praecedentis
824 4077 967 4150 epistolae
981 4079 1012 4134 in
1024 4080 1088 4135 cod.
1103 4079 1195 4135 Ebor.
1209 4081 1235 4144 1,
1245 4081 1320 4136 haec
1332 4090 1389 4140 est:
1404 4080 1515 4155 «eopia
1527 4083 1564 4141 de
1577 4101 1617 4138 un

381 4148 508 4239 depitolo
526 4166 575 4224 del
593 4166 627 4222 P.
646 4168 813 4224 Bertolsme
831 4168 953 4237 Ferrdn,
972 4166 1010 4223 de
1022 4168 1127 4239 Roma,
1140 4185 1210 4241 para
1224 4171 1267 4225 los
1280 4169 1339 4226 PP.
1352 4188 1372 4243 y
1386 4170 1455 4228 HH.
1469 4170 1517 4227 del
1530 4174 1617 4228 colle-

382 4257 432 4327 gio
445 4254 483 4311 de
497 4254 647 4327 eoimbra,
660 4256 709 4312 del
723 4256 867 4330 principio
879 4256 928 4312 del
942 4261 998 4312 ano
1010 4255 1048 4313 de
1065 4257 1161 4328 1546.»

436 4344 592 4417 Inscriptio
605 4343 738 4416 ejusdem
751 4346 782 4401 in
795 4348 858 4402 cod.
874 4346 964 4403 Ebur.
980 4346 1016 4401 11
1024 4347 1070 4403 sic
1082 4344 1202 4403 desinit:
1218 4367 1268 4403 r...
1280 4364 1350 4421 pera
1363 4348 1503 4422 Portugsl
1513 4367 1531 4406 o
1540 4368 1616 4407 anno

383 4433 420 4489 de
436 4433 534 4504 1546.»
1239 4468 1246 4483 ·

435 4524 482 4578 De
491 4524 546 4579 hac
556 4523 620 4596 ipsa
630 4540 662 4579 re
672 4522 734 4595 agit
743 4523 926 4595 PocructJS,
936 4524 1061 4590 chron„
1070 4527 1095 4595 1,
1104 4525 1349 4595 170.—Araozins
1359 4544 1431 4583 vero
1442 4543 1459 4584 2
1468 4530 1617 4602 Jurii154⁶

385 4610 534 4667 scribebat
546 4611 673 4683 Ignatio:
689 4612 741 4669 «El
754 4612 865 4669 Doctor
877 4612 982 4668 Hortis
995 4617 1059 4670 ests
1071 4632 1109 4670 en
1122 4631 1157 4671 su
1170 4614 1295 4687 yglesin:
1310 4632 1387 4688 pens
1399 4616 1489 4674 sintio
1505 4618 1544 4675 de
1559 4636 1617 4693 que

382 4718 420 4756 no
432 4700 545 4758 llesase
558 4700 655 4757 efecto
668 4716 704 4757 su
716 4700 907 4775 yntencidn.»
925 4701 1021 4775 Epist.
1036 4702 1162 4768 Mixtus,
1178 4704 1203 4775 1,
1216 4702 1278 4775 298.
