3625 5400
692 389 827 446 Nonam
847 401 990 448 conrcmr
1383 391 1431 466 ³9>

227 547 341 624 origine
359 554 391 604 et
410 563 574 622 progressu
589 545 796 621 collegiorum,
815 544 960 619 epistolas
984 545 1116 619 Patriam,
1137 564 1268 621 quorum
1289 566 1383 624 opera
1403 551 1452 608 illa

229 645 352 704 fundata
367 645 499 715 suerunt,
513 653 571 702 etc.
1276 658 1281 666 ·

276 789 384 866 Opdra,
399 793 430 849 in
441 793 550 866 quibus
562 791 610 848 hic
622 791 715 847 codex
728 790 876 848 adhibitus
890 800 951 848 est:
969 792 1100 849 Mortuis.
1119 805 1245 852 nissen.
1264 795 1297 850 S.
1317 798 1356 869 J.,
1376 799 1449 871 Epi-

224 885 314 940 stoma
324 879 365 938 Ῥ.
380 884 470 939 Hier.
484 881 601 950 Nudat-
614 882 767 954 Asssnm,
781 897 828 954 op.
842 880 894 937 cit.

744 1045 857 1110 Codex
877 1045 932 1110 19.

284 1198 353 1258 Cod.
369 1198 661 1259 &caerulos-Vol.
677 1199 844 1271 offl,164><
853 1207 926 1271 0¹¹¹,1
935 1213 980 1274 133
994 1198 1172 1256 membrana
1186 1202 1399 1274 compositum.

281 1297 439 1371 Inscriptio
454 1314 472 1354 a
490 1305 586 1374 tergo:
607 1297 752 1354 «Memor.
772 1295 776 1372 l
795 1295 824 1354 S.
840 1295 882 1353 1.»
903 1294 1038 1368 Antiqua
1056 1295 1217 1369 inscriptio
1227 1295 1442 1377 «Reeuerdos>›

220 1403 326 1468 quater
339 1396 449 1452 eadem
464 1413 556 1452 manu
569 1403 695 1452 exarata
709 1403 843 1469 apparet:
859 1394 906 1451 bis
920 1411 939 1450 a
952 1402 1049 1469 tergo,
1059 1401 1090 1450 et
1099 1393 1129 1450 in
1144 1393 1235 1467 priori
1250 1395 1324 1452 etin
1338 1395 1442 1455 ultima

220 1493 295 1552 lacie
309 1494 453 1567 operculi.
468 1492 594 1567 Antiqui
611 1492 750 1551 tabularii
764 1491 924 1550 Societatis
938 1491 1092 1568 signatura
1105 1492 1135 1548 in
1155 1492 1245 1566 priori
1260 1492 1338 1550 facie
1353 1511 1456 1569 oper-·
1489 1543 1492 1550 .

219 1593 287 1650 culi:
304 1590 358 1650 «G.
379 1591 382 1668 l
401 1607 517 1650 xxxvr.
533 1591 546 1648 Ι
562 1591 605 1668 [?].
621 1591 662 1650 Ι.»
1185 1663 1188 1669 1

277 1689 370 1748 Foliis
388 1703 477 1764 3-202
493 1690 646 1760 coalescit,
661 1691 785 1762 antiqua
799 1706 892 1746 manu
906 1688 1032 1763 signatis
1045 1705 1144 1762 usque
1158 1687 1198 1744 ad
1209 1687 1260 1747 iol.
1279 1689 1343 1760 198.
1359 1689 1443 1765 Qua-

216 1796 286 1845 tuor
298 1789 414 1861 reliqua
429 1788 497 1846 stilo
511 1787 634 1862 lapideo
648 1794 786 1845 recenter
800 1788 918 1862 signata
939 1785 1069 1844 suerunt.
1088 1785 1224 1842 Maxima
1238 1785 1354 1844 codicis
1372 1805 1443 1862 pars

216 1886 327 1961 scripta
342 1895 398 1958 est,
412 1903 511 1960 pauca
525 1903 599 1943 vero
614 1885 685 1969 folia
705 1903 781 1958 pura
795 1885 835 1942 ad
849 1884 943 1963 finem
956 1885 1071 1958 primae
1085 1892 1115 1942 et
1129 1883 1284 1942 secundae
1299 1887 1391 1959 partis
1412 1896 1443 1945 et

214 1983 269 2040 tria
284 1984 313 2041 in
328 1983 389 2040 fine
404 1985 640 2058 conspiciuntur.

276 2079 349 2138 Tria
363 2083 393 2138 in
408 2083 467 2140 hoc
482 2083 590 2140 codice
604 2082 806 2152 continentur,
821 2080 945 2138 Polanci
959 2097 1053 2138 manu
1066 2079 1098 2137 in
1112 2081 1209 2154 primo
1224 2080 1297 2138 solio
1311 2083 1359 2139 his
1373 2099 1441 2141 ver-

216 2178 264 2238 bis
278 2188 392 2238 notata:
409 2181 522 2239 «Libro
537 2182 577 2239 de
592 2180 765 2238 recuerdos.
781 2179 828 2238 La
842 2180 886 2254 p.²
908 2187 994 2254 parte
1009 2179 1048 2236 de
1070 2179 1117 2236 los
1138 2197 1199 2252 que
1219 2197 1281 2238 vna
1301 2197 1355 2238 vez
1376 2183 1442 2240 sola

214 2277 308 2350 piden
323 2281 496 2337 execution.
513 2277 559 2336 La
574 2279 616 2336 2?
628 2278 669 2335 de
682 2277 729 2335 los
742 2293 803 2350 que
818 2278 954 2335 muchas.
969 2277 1015 2334 La
1038 2277 1079 2352 3?
1100 2277 1139 2334 de
1162 2293 1251 2335 cosas
1271 2278 1439 2338 notables.»

214 2375 313 2433 Prima
327 2394 407 2450 pars,
422 2375 453 2434 ft.
473 2391 551 2448 1-42.
572 2375 716 2435 Secunda
730 2375 761 2433 il.
775 2386 898 2447 45·111.
911 2371 1000 2433 Initio
1011 2376 1102 2450 hujus
1113 2375 1206 2448 partis
1219 2375 1269 2433 hic
1282 2376 1386 2435 titulus
1396 2378 1439 2434 le·

211 2475 301 2550 gitur:
318 2475 516 2534 «Recuerdos
530 2475 570 2532 de
585 2491 674 2532 cosas
688 2491 749 2546 que
763 2473 899 2531 diuersas
913 2490 1003 2531 vezes
1024 2489 1058 2530 se
1072 2474 1132 2531 han
1147 2473 1187 2530 de
1201 2474 1351 2547 pratticar.
1367 2475 1440 2534 Pars

210 2609 309 2678 tertia,
323 2607 354 2666 fs.
374 2619 513 2684 145·197,
527 2609 612 2666 initio
625 2608 707 2666 hunc
720 2606 839 2665 titulum
853 2606 988 2664 exhibet:
1005 2549 1083 2680 «Jis.
1103 2605 1281 2666 Recuerdos
1295 2609 1334 2666 de
1349 2625 1439 2666 cosas

210 2706 381 2765 notables.»
407 2707 432 2764 F
434 2708 500 2766 ollis
526 2720 677 2783 197v-'199
695 2707 790 2765 index
814 2724 915 2764 rerum
939 2706 1078 2778 habetur,
1099 2708 1223 2780 antiqua
1248 2725 1340 2766 manu
1362 2724 1437 2766 exa-

211 2812 304 2863 ratus.

272 2902 471 2961 Monumenta
486 2904 516 2961 in
535 2904 594 2962 hoc
620 2905 727 2963 codice
752 2912 895 2963 contenta
915 2904 955 2961 ad
976 2920 1074 2961 annos
1097 2915 1129 2975 15
1136 2904 1270 2979 36-1599
1289 2912 1437 2978 spectant.

209 2998 321 3057 Van'ae
336 3018 445 3059 manus
458 3003 488 3058 in
502 3000 569 3059 toto
582 3000 691 3059 codice
705 3009 862 3077 apparent,
876 3002 1053 3075 praesertim
1071 3019 1146 3059 vero
1160 3001 1283 3059 Polanci
1298 3009 1329 3059 et
1343 3002 1437 3060 Riba-

208 3096 363 3170 deneirae,
377 3099 462 3172 quod
476 3100 505 3156 in
521 3100 619 3173 primo
632 3100 704 3159 lolio
719 3102 766 3158 his
779 3100 881 3158 verbis
895 3100 992 3157 notari
1007 3100 1135 3157 videtur:
1156 3099 1326 3158 «Polancus
1339 3107 1370 3157 et
1384 3100 1436 3157 Ri-

209 3194 404 3255 badeneira.»
1050 3209 1054 3216 '

251 3344 422 3403 ¹Adhibitus
436 3347 526 3403 estin
540 3347 668 3404 Monuit.
684 3347 810 3403 susm.
825 3346 856 3404 S.
871 3349 912 3419 J.,
927 3306 1081 3421 Epistolae
1094 3348 1219 3403 Mixtae.

729 3507 841 3573 codex
861 3507 920 3573 20.

599 3660 769 3702 EPlSTOLAE
790 3660 1050 3713 QUADRIMESTRES

267 3786 430 3845 Volumina
441 3786 576 3861 'quatuor
594 3789 624 3845 in
645 3787 727 3859 lolio,
746 3788 925 3863 composita,
945 3787 1121 3846 membrana
1136 3796 1291 3862 cooperta,
1310 3790 1433 3848 evariis

205 3883 396 3943 diversorum
410 3886 553 3945 codicum
567 3888 770 3944 monumentis
785 3889 814 3944 in
829 3904 925 3945 unum
940 3887 1085 3957 collectis,
1098 3887 1222 3944 saeculo
1236 3888 1341 3961 elapso
1354 3905 1431 3947 con·

205 3981 342 4041 sonnata.
357 3982 444 4041 Haec
463 3990 661 4041 monumenta
680 3985 859 4057 plerumque
878 3984 1001 4058 duplici,
1016 3984 1203 4058 quandoque
1217 3985 1308 4048 etiam
1322 3986 1431 4060 triplici

205 4088 309 4138 notata
322 4088 395 4139 sunt
414 4098 551 4153 nurnero,
565 4083 660 4140 altero
675 4083 798 4154 recenti,
813 4100 875 4156 quo
897 4084 1044 4157 epistolae
1057 4084 1201 4141 continua
1215 4084 1292 4141 serie
1307 4085 1429 4161 signan-

203 4186 262 4249 tur,
276 4181 370 4238 altero
384 4188 486 4238 autem
499 4183 636 4255 antiquo,
654 4181 739 4239 nullo
759 4191 879 4240 servato
901 4182 1018 4253 ordine,
1032 4199 1095 4255 quo
1109 4180 1334 4258 'distinguuntur
1349 4183 1430 4256 folia,

204 4279 344 4349 quamvis
359 4297 420 4337 non
441 4280 551 4339 omnia.
571 4279 605 4336 In
624 4280 812 4338 collocandis
830 4280 966 4354 epistolis
984 4280 1024 4337 ad
1040 4281 1116 4337 haec
1130 4288 1262 4353 quatuor
1274 4282 1429 4339 volumina

203 4378 416 4435 concinnanda
427 4378 527 4436 nullus
538 4386 682 4437 constans
695 4386 725 4437 et
734 4379 839 4437 firmus
850 4373 988 4437 servatus
999 4385 1046 4436 est
1057 4379 1143 4450 ordo,
1151 4395 1208 4436 nec
1220 4396 1428 4454 personarum,

202 4492 260 4533 nec
280 4477 436 4550 temporis,
455 4458 574 4534 tametsi
595 4478 696 4549 aliqua
716 4478 892 4551 imperfecta
911 4477 1065 4551 temporis,
1086 4477 1144 4534 loci
1170 4494 1207 4534 ac
1231 4477 1427 4535 scribentium

201 4574 277 4631 ratio
292 4574 394 4632 habita
409 4576 454 4633 sit
470 4575 566 4647 llaec,
579 4577 679 4634 omnia
691 4576 762 4647 lere,
774 4576 959 4635 documenta
970 4578 999 4634 in
1011 4578 1122 4633 nostris
1132 4576 1348 4634 Monuuauris
1362 4576 1427 4633 edi-
