3625 5400
394 479 448 538 510
693 517 697 524 .
767 467 980 525 Momm
1001 435 1175 524 1611111111

423 621 478 687 No
493 629 570 686 otro
584 639 647 704 por
661 619 778 699 ahora,
791 618 868 687 sino
885 641 953 705 que
968 639 1078 706 ruego
1088 625 1109 686 έι
1119 619 1216 701 Dios,
1229 629 1370 688 nuestro
1384 619 1516 687 criador
1529 631 1580 705 yP

360 736 565 821 redemptor,
582 756 662 821 que,
679 755 779 802 como
794 735 827 803 le
842 735 949 822 plugo
965 737 1107 804 hazeros
1122 745 1215 802 tanta
1231 734 1345 822 gracia
1359 755 1404 802 en
1424 735 1579 803 llamaros

356 852 494 937 ydaros
504 850 669 918 voluntad
683 851 802 920 efficaz
816 872 897 938 para
913 869 980 935 que
991 839 1217 935 quisicssedoe
1232 860 1464 918 entcramente
1480 862 1574 919 qem-

358 968 495 1054 plearos
510 988 554 1037 en
570 987 611 1033 su
623 965 782 1049 seruicio,
795 971 845 1034 asi
860 966 893 1035 le
903 966 1006 1052 plega
1017 967 1197 1033 continuat
1206 987 1250 1033 en
1262 966 1361 1034 todos
1375 988 1399 1052 y
1410 987 1578 1054 augmen-

358 1091 411 1148 tar
426 1102 486 1149 sus
501 1083 621 1165 donec,
636 1103 718 1168 para
732 1103 800 1166 que
815 1091 1110 1150 constantemente
1125 1086 1346 1169 perseuercys
1360 1103 1384 1167 y
1399 1087 1579 1170 crezcays¹

358 1219 402 1265 eu
417 1219 459 1263 su
474 1196 623 1265 seruicio
637 1217 720 1284 para
732 1199 858 1264 mucha
872 1198 1019 1281 bonray
1038 1195 1147 1284 gloria
1169 1218 1266 1283 suya‚
1290 1218 1315 1282 y
1337 1197 1449 1283 ayuda
1471 1197 1514 1264 de
1536 1217 1577 1263 su

357 1311 490 1400 yglesia
504 1323 603 1379 santa
617 1323 639 1378 ¹.

426 1429 480 1497 De
495 1429 603 1495 Roma
617 1435 628 1471 ²
640 1429 681 1493 ³⁸.

426 1541 587 1629 [Vuestro
602 1565 646 1610 en
661 1543 694 1609 el
708 1543 821 1611 Seiior
834 1553 987 1624 nucctm,

1192 1657 1371 1745 laniem]
1386 1669 1399 1696 ¹²

425 1771 619 1858 Inscriptio.
641 1765 750 1860 Copia
771 1775 814 1840 de
837 1795 905 1840 vna
927 1773 1012 1843 letra
1035 1772 1182 1858 ynbiada
1205 1778 1225 1838 d
1247 1773 1298 1839 los
1321 1772 1511 1841 studiant&
1534 1773 1576 1840 de

358 1885 524 1954 Coimbra
539 1909 600 1973 por
615 1889 648 1956 ei
663 1889 703 1954 P.
722 1891 823 1956 Miro.
841 1889 987 1975 Ignatio.

425 2003 608 2088 Inscriptio
627 2005 666 2069 in
691 2004 784 2069 «cod.
810 2005 961 2072 Paris».
985 2003 1089 2070 Carta
1111 2003 1154 2070 de
1174 2003 1218 2070 N.
1244 2003 1282 2071 S.
1308 2003 1347 2068 P.
1373 2001 1512 2088 Ignacio
1534 2002 1576 2070 de

358 2127 457 2186 santa
472 2118 646 2200 memoria,
662 2119 786 2188 escrita
800 2143 844 2188 en
860 2121 968 2186 Roma
983 2124 1005 2185 ἐι
1019 2119 1070 2186 los
1085 2119 1157 2184 ΡΡ.
1175 2139 1198 2203 y
1214 2119 1297 2184 HH.
1315 2119 1372 2186 del
1385 2117 1519 2206 colegio
1533 2117 1576 2184 de

360 2233 475 2300 Euora
489 2239 510 2299 a
525 2253 544 2318 3
561 2234 605 2301 de
622 2236 738 2301 Marzo
758 2249 852 2318 1547.

410 2459 426 2498 1>
443 2453 563 2500 nuestro
573 2445 665 2500 Sedor
677 2463 699 2516 y
710 2457 735 2514 13
749 2452 869 2501 nuectro
879 2444 1023 2515 criadory
1035 2457 1063 2513 23
1077 2451 1197 2500 nuestro
1209 2443 1333 2514 eriador,
1346 2454 1465 2500 nuestro
1477 2443 1503 2506 3.
1541 2475 1576 2486 -

356 2549 374 2588 <1
391 2531 478 2588 eficds
490 2532 528 2587 de
540 2549 646 2605 queret
661 2546 686 2602 1,
700 2546 728 2601 2,
740 2531 768 2589 3.
804 2548 851 2576 -r
867 2551 925 2606 que
938 2534 1176 2589 continuamente
1188 2533 1313 2588 cresciis
1326 2551 1347 2604 y
1364 2533 1528 2590 continueis
1550 2547 1575 2605 1,

357 2634 385 2690 23
397 2638 455 2693 que
467 2620 706 2677 continuamente
717 2620 843 2678 crescdis
855 2639 876 2694 y
887 2621 1071 2696 perscuerdis
1084 2619 1111 2676 3.
1150 2637 1195 2664 -ι
1212 2629 1305 2678 santa.
1322 2623 1427 2678 Amen.
1441 2635 1467 2693 1,
1477 2635 1503 2677 2.
1541 2653 1575 2663 -

356 2720 367 2752 t
384 2710 528 2781 Sequitur
540 2710 574 2764 in
589 2722 613 2763 1:
628 2712 645 2765 d
657 2723 691 2779 27
703 2710 741 2765 de
753 2710 831 2767 Maio
842 2710 880 2766 de
895 2722 973 2785 15473
987 2712 1022 2767 in
1034 2725 1060 2766 2:
1075 2714 1092 2766 i
1104 2723 1121 2780 7
1133 2711 1171 2767 de
1184 2712 1261 2767 Maio
1273 2710 1310 2768 de
1326 2724 1394 2781 1547
1407 2716 1487 2781 ados3
1501 2714 1533 2767 in
1546 2710 1573 2767 3:

356 2800 441 2855 61111
452 2799 514 2869 [ced
525 2798 707 2854 cancellatus
718 2804 761 2855 est
773 2816 918 2855 numerus
931 2800 979 2853 «X
980 2801 1006 2872 n]
1018 2799 1056 2856 de
1070 2801 1167 2871 Marco
1183 2799 1220 2856 de
1239 2811 1344 2871 1547.-
1355 2799 1446 2857 «Coa.
1464 2800 1573 2867 Viciu„

356 2904 386 2941 n.
400 2897 478 2957 115»,
489 2888 562 2951 «id,
577 2903 606 2940 n.
621 2885 702 2956 301»,
715 2892 744 2943 et
761 2890 841 2944 «cod.
855 2888 1033 2945 Manciam»
1047 2890 1097 2945 die
1109 2902 1126 2959 7
1139 2888 1218 2960 Maji
1229 2893 1369 2944 asserunt
1381 2890 1486 2945 daiam
1493 2888 1576 2960 suis·

356 2992 387 3030 cc
399 2976 477 3030 hanc
493 2975 664 3045 epistolam
676 2978 756 3031 «cod.
770 2978 856 3033 Rom.
876 2978 939 3031 IV»
961 2978 1010 3033 dic
1025 2992 1040 3048 3
1053 2976 1174 3043 Martii;
1187 2978 1375 3042 «Menchacm
1396 2976 1446 3033 zib.
1467 2976 1509 3042 11,
1527 2980 1573 3048 ep.

356 3063 482 3119 XVIII»
494 3065 608 3128 (latina
620 3068 648 3120 ei
661 3066 765 3137 primo
781 3066 858 3137 Ioco)
867 3066 953 3121 habet
966 3064 984 3121 Ι
990 3067 1015 3121 V
1024 3066 1127 3123 Nonas
1140 3066 1281 3132 Martia,
1298 3066 1363 3123 scil.
1377 3082 1397 3135 4
1410 3065 1536 3133 Mariii‚·
1547 3070 1575 3121 ei

357 3154 459 3209 eodem
476 3158 576 3225 opere,
595 3158 641 3225 ep.
660 3154 692 3207 X
697 3154 773 3209 VIII
784 3156 929 3227 (hispana
945 3160 973 3211 ei
989 3156 1116 3211 meando
1135 3154 1219 3225 loco),
1243 3167 1261 3224 7
1282 3154 1369 3226 Maji.
1413 3170 1467 3197 -11
1487 3154 1574 3225 Quae

356 3240 476 3295 uncinis
488 3241 677 3295 clauduntur
688 3244 807 3295 miani
819 3244 853 3296 in
867 3258 893 3311 1,
906 3256 935 3313 2,
948 3240 975 3296 3.

408 3420 433 3453 ‘⁸
470 3420 516 3473 De
533 3419 587 3473 hac
600 3419 723 3489 epistola
739 3418 897 3475 memoriae
917 3420 1065 3476 mandavit
1082 3422 1242 3492 Fnincus,
1258 3422 1393 3495 Sinopsic
1406 3422 1575 3477 Annalium

356 3506 513 3562 Societatis
526 3507 605 3577 Jsssu
618 3507 654 3561 in
670 3507 841 3563 Lusitania.
855 3510 915 3563 An.
931 3521 1015 3579 1547,
1030 3527 1059 3564 n.
1078 3523 1122 3565 22:
1136 3510 1167 3565 S.
1182 3511 1270 3567 Pater
1282 3510 1414 3583 Ignatius
1428 3521 1489 3580 «27.
1508 3510 1576 3581 Maji

356 3594 394 3650 ad
406 3594 662 3651 Conimbricenses
674 3598 790 3667 plenam
803 3596 908 3669 spiritu
920 3596 1002 3653 dedit
1015 3599 1181 3671 epistolam,
1194 3616 1251 3672 qun
1264 3608 1295 3655 et
1307 3608 1413 3671 sponte
1425 3606 1576 3655 currentes

353 3683 549 3753 commendat,
565 3692 596 3739 et
607 3684 793 3739 currentibus
806 3701 898 3740 novos
912 3686 1045 3741 stimulos
1058 3686 1139 3743 addit
1151 3686 1189 3742 ad
1207 3688 1356 3744 assiduum
1369 3688 1400 3743 in
1417 3686 1576 3743 virtutibus

356 3788 554 3845 progressum,
567 3772 609 3827 ita
620 3772 750 3846 quidem,
763 3779 797 3827 ut
809 3781 902 3829 totum
916 3773 1081 3845 Collegium
1094 3791 1203 3831 novum
1215 3776 1299 3848 quasi
1313 3774 1481 3848 conceperit
1492 3772 1574 3846 spiri·

354 3870 419 3916 tum
431 3860 467 3917 ad
480 3878 585 3933 magna
597 3878 730 3934 quaeque
742 3878 795 3933 pro
806 3860 900 3933 gloria
913 3863 970 3918 Dei
982 3862 1143 3919 audenda».
1578 3874 1581 3881 “
