3625 5400
702 468 886 523 Pansrsrro
904 480 1064 526 saltemus
1206 491 1216 500 -
1423 483 1456 540 15

267 625 319 690 Ex
334 623 400 688 hoc
416 643 519 708 opere
535 619 714 708 exscripsit
731 623 922 690 Menchaca
936 621 1097 708 epistolas
1112 622 1179 692 Sti.
1192 622 1316 709 Ignatii
1333 641 1387 706 24,
1407 645 1492 709 quas

268 737 436 804 latinitate
452 736 605 806 donavit.

314 873 344 937 3.
393 851 546 919 Historia
573 851 767 938 provinciae
794 850 963 919 lusitanae
978 853 1015 921 S.
1034 856 1083 942 J.,
1105 863 1245 922 auctore
1261 856 1302 921 Ρ.
1329 854 1443 921 Telles
1462 855 1488 922 ⁴.

270 971 341 1035 «Ex
356 966 583 1053 qua1›,inquit
599 969 800 1049 Menchaca,
814 988 895 1054 pag.
915 969 974 1048 lV,
992 967 1086 1055 «ipse
1100 968 1292 1038 Florentiae
1307 969 1422 1057 plures
1436 969 1490 1035 in-

268 1096 382 1170 tegras
399 1087 439 1152 Β.
457 1081 568 1149 Patris
584 1081 746 1169 descripsi
762 1082 876 1150 literas
891 1094 926 1150 et
941 1083 1085 1149 aliorum
1100 1086 1327 1170 fragmenta.»

312 1219 346 1282 4.
394 1197 572 1266 Sociorum
589 1197 778 1284 suppetiae,
796 1219 915 1265 eorum
934 1219 1068 1285 nempe,
1087 1197 1145 1284 qui
1160 1198 1197 1264 in
1213 1199 1363 1266 animum
1387 1201 1489 1268 etiam

266 1316 470 1382 induxerant
482 1315 582 1382 edere
594 1314 787 1401 ignatianae
799 1313 972 1400 epistolaS,
986 1314 1125 1400 quique,
1138 1315 1255 1402 agnita
1267 1315 1378 1383 Patris
1391 1319 1491 1384 Men-

266 1433 375 1499 chaca
391 1431 579 1508 voluntate,
594 1429 704 1498 eidem
720 1429 965 1514 supellectilem
981 1451 1054 1496 ase
1070 1431 1246 1498 collectam
1261 1430 1408 1499 libenter
1427 1433 1489 1500 de-

267 1547 432 1614 tulerunt.
456 1547 509 1612 Ex
536 1545 590 1620 his
616 1543 718 1610 sociis
745 1545 941 1613 Alexander
963 1545 1078 1613 Batier
1099 1556 1257 1632 acceptas
1278 1568 1298 1612 a
1319 1546 1489 1641 Michaele

266 1663 404 1741 Garzia,
425 1660 524 1726 morti
552 1659 718 1746 proximu,
742 1659 977 1747 duodeviginti
997 1660 1158 1747 epistolas
1178 1660 1242 1729 sti.
1265 1659 1390 1748 Ignatii
1410 1684 1489 1729 cum

267 1777 385 1864 paucis
413 1776 555 1842 aliorum
583 1775 783 1860 fragmentis
810 1776 902 1843 Patri
931 1777 1120 1843 Menchaca
1140 1777 1341 1858 transmisit,
1364 1777 1489 1862 quibus

268 1892 341 1980 ipse
360 1905 395 1961 et
416 1893 572 1959 Andreas
592 1867 716 1973 Calan,
739 1912 823 1976 quas
843 1890 1056 1971 invenerant,
1079 1892 1318 1976 adjunxerunt.
1348 1892 1488 1960 «Neutri

268 2029 384 2087 vero»,
410 2007 520 2092 inquit
547 2008 751 2086 Menchaca,
780 2005 908 2072 «inerat
930 2007 1183 2093 provoluntate
1212 2008 1388 2076 facultas.»
1415 2010 1488 2075 Nec

268 2122 402 2202 mirum,
421 2122 450 2188 si
466 2122 616 2208 quidem,
639 2131 677 2186 ut
697 2120 770 2207 ipse
791 2121 849 2202 ait,
875 2124 1063 2191 «Romae...
1082 2122 1285 2188 tabularium
1305 2123 1488 2192 Societatis

264 2242 360 2328 Jesu,
386 2239 546 2306 mandato
572 2237 697 2304 summi
719 2237 896 2304 Pontificis
918 2231 1150 2324 obsignatum,
1167 2237 1295 2304 nemini
1314 2240 1486 2325 patebat»,

268 2378 349 2442 pag.
370 2377 467 2422 tri-v.

461 2532 708 2588 2.-Cotracr10
727 2532 843 2587 Parrus
861 2530 1102 2587 Cnursrornom
1121 2533 1293 2587 Gaurum

336 2703 529 2790 Oeniponte
545 2725 635 2770 anno
660 2705 742 2793 1848
763 2703 892 2772 editum
913 2715 1002 2771 esta
1023 2707 1063 2771 P.
1085 2703 1331 2790 Christophoro
1352 2706 1488 2773 Genellr

268 2822 476 2907 praeclarum
489 2842 588 2906 opus,
602 2806 760 2885 nimirum
774 2819 854 2887 Vita
865 2819 930 2887 Sti.
946 2818 1069 2905 Ignatii
1081 2820 1125 2888 de
1137 2822 1291 2905 Loyola⁶
1305 2824 1483 2908 (xm-519).

336 2937 441 3001 Porro
456 2934 591 3004 Genelli
607 2956 733 3020 scopus
749 2934 825 3016 tuit,
844 2956 911 3001 non
929 2936 1030 3001 modo
1051 2935 1175 3021 Ignatii
1191 2934 1296 3002 vitam
1317 2955 1360 3003 ex
1380 2936 1488 3022 ipsius

269 3052 401 3118 coaevis
427 3051 657 3119 monumentis
684 3062 882 3131 contexere,
905 3052 967 3118 sed
988 3050 1101 3133 illum,
1124 3053 1167 3117 ab
1183 3050 1301 3118 inferis
1321 3053 1488 3139 quodam-

268 3168 367 3233 modo
382 3167 579 3247 excitatum,
597 3177 758 3254 agentern
774 3166 864 3234 inter
880 3166 989 3248 vivos,
1004 3169 1211 3252 loquentem,
1230 3168 1334 3236 animi
1351 3170 1486 3235 tandem

264 3282 318 3349 sui
333 3304 434 3351 sensa
450 3281 749 3368 cogitationesque
764 3282 983 3368 pandentem,
1008 3281 1183 3350 exhibere.
1202 3284 1306 3368 Quod
1326 3285 1426 3371 plane
1449 3294 1488 3349 ut

263 3406 518 3483 assequeretur,
547 3396 736 3466 litterarum
766 3398 958 3483 fragmenta
987 3420 1089 3484 quam
1116 3394 1262 3484 plurima
1292 3398 1488 3484 ignatianae
1540 3455 1543 3460 .

263 3512 354 3579 vitae
369 3512 524 3595 inseruit,
543 3523 637 3578 ratus
653 3512 784 3579 nullum
805 3511 1051 3580 accuratiorem
1073 3513 1292 3598 interpretem
1308 3513 1361 3581 sui
1381 3513 1489 3599 ipsius

263 3650 351 3709 esse,
370 3650 472 3714 quam
488 3648 767 3713 unumquemque
790 3627 865 3694 sibi.
890 3630 933 3693 Et
956 3630 999 3694 ad
1020 3629 1147 3696 calcem
1168 3628 1292 3715 operis,
1316 3640 1487 3716 tamquam

265 3744 500 3829 appendicem,
518 3742 643 3828 adjecit
660 3742 846 3831 (423-519),
864 3764 953 3828 quae
977 3767 998 3811 a
1020 3765 1058 3811 se
1081 3742 1175 3829 prius
1191 3743 1284 3811 dicta
1306 3745 1487 3811 confirma—

317 3888 328 3919 ⁴
365 3884 510 3940 Chronica
526 3884 564 3941 da
581 3884 763 3957 Companhia
780 3884 817 3940 de
833 3886 901 3939 lesv
920 3903 957 3939 na
975 3886 1129 3941 Provincia
1146 3886 1184 3942 de
1196 3886 1347 3958 Portvgal.
1368 3886 1487 3954 Lisboa,

267 3974 430 4043 1645-1647.

319 4065 330 4096 ⁵
365 4062 483 4119 Genelli
496 4072 581 4118 natus
595 4070 641 4117 est
654 4062 794 4135 Berolini,
804 4076 838 4132 24
852 4064 924 4135 Apr.
938 4062 1016 4118 1800.
1031 4063 1199 4119 Canonieus
1211 4072 1242 4119 et
1254 4071 1351 4121 rector
1364 4064 1489 4120 semina·

264 4150 300 4205 rii
312 4151 482 4221 culmensis,
495 4150 674 4207 Societatem
688 4152 840 4224 amplexus
853 4159 900 4206 est
915 4165 927 4206 1
943 4153 1015 4224 Apr.
1032 4152 1109 4222 1842.
1122 4154 1233 4208 Romae
1243 4154 1362 4224 collegii
1374 4170 1487 4225 germa-

265 4239 324 4293 nici
343 4238 475 4295 minister
490 4238 557 4295 fuit.
581 4240 615 4295 In
634 4240 783 4295 Austriam
802 4240 920 4308 deinde,
939 4249 1042 4311 postea
1057 4241 1090 4313 in
1108 4242 1275 4297 Americem
1286 4259 1354 4297 cum
1371 4240 1487 4312 ivisset,

263 4328 342 4384 obiit'
350 4328 516 4385 Cincinnati
532 4330 637 4399 17Ju1.
654 4326 732 4397 1850.

316 4420 328 4452 ⁶
365 4420 424 4473 Das
436 4419 536 4473 Leben
546 4418 599 4473 des
609 4417 738 4489 heiligen
751 4418 883 4489 Ignatius
895 4436 953 4474 von
963 4420 1084 4490 Loyola‚
1095 4419 1216 4476 Stifters
1225 4419 1277 4476 der
1288 4418 1488 4475 Gesellschaft

263 4508 345 4578 Jesu.
365 4507 418 4562 Mit
435 4508 610 4579 Benutzuug
627 4506 679 4562 der
696 4508 922 4563 authentischen
941 4509 1051 4580 Aleten,
1069 4509 1231 4564 besonders
1244 4508 1343 4565 seiner
1360 4509 1487 4579 eigenen

263 4594 362 4651 Briefe
374 4612 433 4651 von
446 4596 480 4651 Ρ.
494 4596 649 4668 Christoph
664 4595 815 4653 Genelli...
830 4597 995 4652 Innsbruclr
1007 4598 1047 4652 im
1059 4599 1184 4669 Berlage
1196 4598 1249 4653 der
1262 4599 1488 4669 Magner'schen

263 4676 507 4755 Buchhan'dlung,
523 4684 602 4755 1848.
