3625 5400
454 434 510 504 7¹⁶
836 432 1045 489 Mortuum
1063 432 1244 487 torremur

486 590 520 655 A
534 574 639 672 quie'n
656 585 742 653 Dios
763 586 806 677 N.
826 585 864 653 S.
889 604 1059 651 conserue
1078 606 1102 669 y
1121 604 1284 670 prospere
1307 582 1453 668 siempte
1476 603 1554 648 con
1576 602 1659 666 aug-

417 716 537 771 mento
551 700 720 771 continuo
733 702 779 769 de
795 722 855 767 sus
871 699 1067 786 spirituales
1082 698 1218 786 gracias
1233 722 1256 785 y
1269 700 1391 767 dones.

486 822 539 887 De
556 821 664 887 Roma
679 817 694 858 b
711 818 754 884 28
770 817 814 883 de
830 817 992 884 Hebrero
1008 800 1053 884 de
1071 816 1155 899 1548
1172 817 1199 879 ³.

484 937 560 1003 Con
576 946 668 1002 estas
684 956 727 1001 va
742 954 789 998 vn
805 931 984 998 memorial
998 953 1067 1017 que
1082 936 1145 997 act
1159 934 1204 996 ha
1215 928 1376 1017 parecido
1391 932 1583 1015 salgunos
1598 950 1657 995 cu·

416 1052 531 1134 riales3
549 1052 616 1117 allo
630 1074 670 1119 se
685 1048 792 1136 podrs
807 1069 887 1114 vsar
902 1048 948 1115 de
962 1047 997 1113 lo
1011 1068 1081 1132 que
1095 1047 1269 1133 pareciere
1284 1053 1361 1113 mts
1378 1045 1622 1115 conueniente
1636 1055 1657 1108 ⁶.

484 1170 539 1236 De
554 1170 599 1235 V.
618 1170 663 1234 Α.
682 1163 872 1232 humillimo
886 1186 910 1249 y
925 1176 1093 1250 perpetuo
1115 1162 1229 1232 siervo
1248 1184 1293 1231 en
1312 1162 1345 1228 el
1364 1163 1476 1231 Seoor
1498 1172 1658 1230 nuestro.

1307 1252 1475 1320 Icusrro.

488 1400 680 1485 Inscriptio.
696 1347 796 1487 Jhiis.
815 1402 848 1466 A
865 1397 914 1464 mi
927 1404 1032 1464 senor
1046 1417 1091 1463 en
1102 1395 1137 1462 el
1148 1395 1426 1473 Senornuoetro
1438 1394 1473 1459 el
1483 1392 1655 1479 principe.

489 1516 609 1581 Manet
619 1515 790 1601 sigillum.

1005 1655 1083 1738 257

513 1792 682 1879 [PATER
701 1790 918 1880 JOANNES
951 1790 1015 1856 DE
1048 1788 1277 1855 POLANCO
1313 1788 1374 1853 EX
1410 1787 1571 1854 COMM.

809 1904 930 1959 PATRI
949 1900 1106 1974 JACOBO
1126 1901 1264 1960 LAlNlO

543 2026 630 2070 nous
650 2026 801 2068 exsuuru
821 2022 1003 2067 rsnuosmo
1023 2022 1248 2066 turtureum
1266 2020 1387 2064 suerro
1408 2009 1490 2081 ¹5⁴8]
1510 2014 1533 2062 ¹.

415 2130 535 2203 Ignatii
548 2129 699 2183 mandatu
712 2128 821 2183 Lainio
836 2128 989 2182 Poloncus
999 2128 1170 2199 respondet.
1179 2124 1464 2197 -Ducifloreutino
1477 2142 1599 2179 morem
1609 2140 1658 2195 ge.

469 2236 537 2275 rere
549 2218 616 2273 vult
631 2217 904 2291 [gnatius-Huic
917 2216 1071 2288 respomr'o
1083 2216 1256 2270 Alexandri
1269 2215 1399 2269 Strossii
1410 2214 1656 2286 probatum-De

470 2308 558 2363 rebus
570 2306 919 2378 pistoriensibus-Cur
935 2310 1036 2377 nuper
1054 2305 1252 2376 reprehensus
1261 2304 1375 2375 fuerat
1387 2304 1557 2369 Polam,
1575 2308 1655 2375 expo·

469 2395 653 2452 eitun-De
664 2396 769 2450 Marco
782 2396 914 2450 Brachio
926 2398 955 2450 et
968 2393 1154 2448 monasterio
1167 2393 1249 2448 Stoe.
1264 2392 1559 2452 Marthae-Siculi
1569 2395 1655 2449 socios

470 2486 508 2539 ab
521 2486 645 2557 Ignotio
658 2486 836 2557 deposcunt.

998 2598 1075 2742 Jtis.

486 2789 535 2855 La
550 2788 663 2874 gratia
678 2799 714 2854 et
730 2809 814 2873 pace
829 2788 864 2854 di
876 2791 963 2877 Jesu
979 2769 1045 2854 X.⁰
1061 2787 1183 2874 signor
1203 2797 1322 2853 nostro
1337 2787 1389 2854 sia
1403 2808 1541 2873 sempre
1562 2782 1650 2870 negti

418 2903 516 2970 cuori
533 2903 652 2970 nostri.
674 2906 799 2972 Amen.

485 3020 572 3086 Rdo.
591 3031 626 3086 et
642 3019 845 3086 charissimo
862 3018 896 3084 in
909 3021 995 3107 Jesti
1011 3018 1077 3086 X.⁰
1095 3020 1207 3086 Padre
1223 3019 1303 3085 mio.

484 3137 552 3203 Per
565 3145 688 3219 questa
700 3133 728 3201 si
743 3135 815 3202 fars
827 3135 975 3220 risposta
987 3135 1032 3202 de
1043 3134 1249 3202 comissione
1260 3135 1305 3200 de
1316 3135 1363 3201 N.
1378 3136 1419 3200 Ρ.
1435 3137 1538 3201 Mtro.
1554 3133 1650 3217 Igna·

414 3251 463 3317 tio
490 3252 534 3316 al’
559 3250 678 3317 vltima
700 3252 743 3316 de
765 3251 809 3318 V.
834 3252 876 3319 R.
906 3251 934 3332 ²,
955 3271 1017 3335 per
1040 3251 1072 3316 la
1092 3250 1193 3335 quale
1212 3249 1245 3315 ci
1265 3250 1362 3318 dette
1381 3249 1478 3316 aviso
1500 3269 1599 3316 come
1621 3245 1647 3307 le

414 3365 527 3434 littere
541 3367 597 3432 del
616 3369 715 3433 Rmo.
733 3367 777 3434 de
803 3369 943 3453 Burgos
963 3367 975 3399 ⁵
999 3367 1124 3433 turono
1144 3366 1240 3433 datte
1259 3389 1280 3431 a
1301 3367 1338 3434 S.
1363 3367 1419 3447 E„
1441 3377 1476 3433 et
1495 3366 1520 3429 l'
1544 3360 1647 3430 officio

468 3537 483 3578 b
520 3536 580 3590 Hic
592 3537 706 3590 desinit
724 3535 814 3590 alter.
834 3553 881 3591 ex.
919 3550 968 3578 ..c
989 3537 1077 3606 Quae
1094 3539 1276 3605 sequuntur,
1289 3553 1385 3589 manu
1400 3535 1433 3589 S.
1452 3533 1573 3607 Ignatii
1588 3546 1647 3584 exss-

412 3627 485 3677 roto
505 3631 588 3678 sunt.

418 3721 630 3732 ...—

449 3813 452 3816 .
467 3767 478 3798 ³
515 3765 571 3821 His
590 3767 697 3822 litteris
707 3767 860 3839 respondit
870 3767 1073 3824 Gundisalvus
1086 3767 1189 3838 Perez,
1205 3767 1241 3822 30
1255 3767 1366 3839 Aprilis
1381 3767 1450 3836 1548
1461 3767 1500 3822 ad
1509 3764 1644 3838 {guatino

412 3853 559 3910 scribens:
576 3855 700 3910 «Recibi
714 3857 742 3910 ia
754 3865 835 3910 carta
847 3855 885 3910 de
904 3856 941 3910 V.
957 3875 996 3910 m.
1015 3855 1054 3911 de
1072 3855 1106 3910 28
1123 3855 1162 3910 de
1180 3856 1315 3911 Hebrero
1332 3873 1389 3911 con
1407 3857 1435 3911 el
1452 3855 1598 3928 despscho
1613 3848 1645 3903 de

414 3945 442 3998 la
454 3943 681 4014 reformacion.»
697 3945 796 4017 Epist.
815 3945 942 4012 Mixtae,
958 3946 996 4014 V,
1008 3947 1074 4014 655.
1092 3943 1141 4000 Cf.
1161 3945 1251 4000 etiam
1269 3945 1426 4017 epistolam
1445 3945 1571 4000 Araozio
1586 3939 1643 3996 mis

413 4047 486 4102 sam,
504 4048 593 4103 supra
608 4032 746 4103 positam,
760 4049 835 4105 quae
849 4042 950 4088 tamen
962 4031 1042 4088 diem
1055 4032 1091 4087 23
1104 4033 1236 4104 Januarii
1249 4033 1388 4104 praefert.

467 4122 476 4151 ¹
514 4121 559 4174 Ex
582 4121 759 4176 adversariis
781 4122 973 4193 autographis
997 4122 1032 4176 P.
1056 4123 1195 4189 Polemi,
1221 4122 1252 4177 in
1273 4122 1377 4178 codice
1403 4123 1502 4194 Epist.
1527 4113 1644 4175 Polano'

411 4225 448 4264 ex
461 4223 580 4274 comm..
595 4209 683 4265 unico
697 4209 780 4281 folio,
794 4229 823 4265 n.
837 4209 884 4280 38,
899 4211 982 4282 prius
995 4223 1040 4279 41.

464 4301 477 4332 ¹
515 4299 635 4354 Lainius
657 4300 773 4370 Ignotio
790 4301 951 4372 scripserat
968 4299 1145 4356 decurrente
1162 4301 1326 4356 Februario
1346 4299 1424 4372 1548,
1445 4301 1522 4355 intra
1540 4307 1642 4367 templis

299 4356 305 4374 ’
412 4386 492 4458 quod
509 4389 635 4443 elabitur
652 4405 669 4442 a
686 4388 734 4443 die
755 4399 784 4443 ιι
805 4389 844 4444 ad
863 4388 905 4446 18.
925 4390 1022 4445 tainu
1044 4392 1199 4463 epistotam
1218 4389 1312 4446 edidit
1328 4391 1452 4460 rom,
1477 4391 1555 4444 urea
1570 4383 1640 4442 ot...

413 4475 475 4530 Ρ...
489 4477 616 4547 Lam,
631 4485 653 4531 t.
668 4478 693 4547 1,
709 4495 777 4550 pag.
796 4477 857 4533 168.

465 4565 477 4598 ³
513 4567 643 4636 Joannes
655 4568 830 4623 Alvarezius
842 4569 880 4624 de
894 4569 1011 4640 Toleto,
1021 4568 1059 4628 Ο.
1071 4531 1122 4640 P.,'
1128 4571 1180 4643 qui
1190 4571 1214 4627 C
1217 4587 1318 4626 osmae
1331 4570 1477 4642 Mediceo,
1487 4563 1639 4625 Ftoaentine

408 4651 491 4720 duci,
504 4653 677 4726 scripserat.
