3625 5400
397 425 451 498 37⁰
775 429 983 488 Monuuanra
1001 429 1177 487 lanariam

359 582 502 671 gloriam
518 581 807 663 divinitatiseiUS,
825 602 929 667 quam
945 603 1005 667 pre
1021 603 1083 650 sue
1103 578 1269 650 bonitatis
1285 581 1543 670 magnificentia
1553 592 1590 650 et

359 709 496 787 propter
512 720 550 765 se
566 697 678 784 ipsum
694 697 799 766 donet
815 696 970 765 omnium
984 707 1139 764 nostrum
1155 697 1316 765 cordibus
1331 697 1373 777 is,
1391 719 1435 767 ex
1451 718 1519 783 quo
1536 707 1589 765 est

359 815 603 882 omnebonum
621 823 778 881 creature
797 812 970 900 pauperie,
989 833 1077 880 vane
1096 822 1132 878 et
1152 811 1289 899 penitus
1305 812 1403 879 nihili
1423 812 1499 882 sine
1513 813 1587 882 eius

358 930 469 1017 gratia
485 951 544 1016 per
559 929 790 1009 mediatorem,
809 949 912 1014 quem
927 929 1000 1014 ipse
1015 929 1120 997 habet
1136 950 1216 995 cum
1231 950 1273 997 eo
1288 940 1504 1016 regnantem,
1522 929 1583 998 do-

359 1045 489 1112 minum
504 1055 659 1112 nostrum
671 1047 791 1132 Jesum
817 1044 1005 1112 Christum.
1028 1046 1159 1112 Omnes
1181 1065 1244 1110 vos
1263 1043 1421 1112 distentis
1437 1043 1585 1112 brachiis

238 1241 241 1249 .
357 1159 625 1248 complectimur,
649 1159 708 1245 qui
723 1159 780 1227 hic
801 1159 1007 1227 habitamus.
1030 1161 1186 1229 Salutate
1206 1178 1328 1248 precor
1349 1181 1426 1228 meo
1446 1158 1584 1227 nomine

357 1275 559 1363 magistrum
574 1285 729 1343 nostrum
745 1277 1040 1344 Valencenensem
1055 1287 1090 1343 et
1106 1275 1308 1363 magistrum
1324 1288 1482 1343 nostrum
1495 1277 1583 1342 Has-

357 1395 524 1462 sellanum
540 1395 552 1428 ³
569 1391 798 1478 presidentem
813 1390 949 1479 collegii
971 1392 1210 1479 theologorum
1231 1413 1310 1460 cum
1331 1403 1404 1460 toto
1423 1391 1587 1478 collegio,

358 1509 496 1577 fratrem
512 1509 654 1576 Petrum
666 1508 709 1576 de
723 1511 878 1576 Berweto
891 1509 984 1595 apud
996 1507 1147 1576 Minores
1158 1520 1194 1574 et
1205 1530 1326 1577 omnes
1336 1507 1464 1575 amicos
1477 1509 1584 1575 Rome

364 1643 419 1708 24.
437 1623 563 1718 Martii.

419 1741 570 1829 Jacobus
589 1741 719 1808 Lhoost
735 1761 855 1808 servus
872 1751 906 1808 et
923 1739 1054 1808 amicus
1069 1739 1315 1825 paratissimus.

429 1856 562 1922 Titulus
577 1855 745 1940 epistotae.
765 1855 873 1941 Copia
894 1854 1068 1924 literarum
1085 1877 1131 1922 m.
1144 1854 1267 1943 Jacobi
1281 1855 1325 1922 de
1347 1854 1518 1924 Geldonia
1540 1877 1583 1924 ex

359 1970 466 2041 Urbe.

425 2087 617 2172 Inscriptio.
630 2085 779 2153 Domino
792 2097 911 2154 meoet
924 2085 1034 2154 amico
1046 2086 1245 2154 charissimo
1256 2085 1417 2154 Cornelio
1424 2085 1580 2152 Wischa·

356 2225 424 2274 uen
439 2201 609 2270 sacerdoti
625 2203 770 2268 salutem
786 2199 915 2268 domini
932 2200 1041 2268 nostri
1053 2205 1139 2290 Jesu
1154 2200 1296 2268 Christi.

524 2471 678 2537 PATER
703 2347 1129 2537 BARTHOLC'iiilAEUS
1152 2469 1417 2537 FERRONIUS

668 2584 805 2639 PATRI
829 2581 994 2640 SIMONI
1018 2581 1272 2641 RODERICIO

764 2695 852 2739 noun
874 2695 907 2739 12
926 2694 1048 2739 tenuis
1069 2679 1138 2751 1546
1158 2683 1178 2736 ¹.

352 2792 427 2847 Acta
440 2808 459 2843 a
471 2791 569 2855 sociis,
579 2792 745 2863 praecipue
758 2807 829 2845 vero
841 2789 878 2844 ab
891 2790 1025 2864 ignatio,
1039 2789 1206 2845 Fauonius
1217 2790 1496 2863 perstringit-De
1507 2795 1581 2845 cate·

404 2878 653 2934 chamaio-De
664 2876 792 2949 feminis
803 2896 818 2933 e
831 2879 1036 2951 turpitudinis
1047 2895 1136 2934 caeno
1146 2878 1462 2952 emergentibus-De
1470 2884 1582 2933 matro-

404 2968 463 3033 nis,
478 2986 555 3039 quae
572 2967 605 3023 in
625 2968 783 3023 Societatis
800 2968 1001 3025 obedientiam
1017 2985 1078 3023 sese
1096 2967 1389 3024 tradiderunt-De
1406 2972 1482 3039 pace
1503 2970 1583 3022 inter

403 3058 543 3113 inimicos
564 3058 823 3129 composita—De
841 3063 1103 3112 sacramentorum
1117 3056 1321 3128 poenitentiae
1336 3061 1426 3127 atque
1446 3058 1580 3112 mnan·

400 3148 477 3202 stiae
484 3147 665 3219 frequentia
679 3149 713 3202 in
726 3147 883 3202 Societatis
896 3146 1103 3219 tempta—De
1115 3147 1212 3201 sacris
1223 3148 1264 3203 ad
1274 3146 1422 3218 populum
1434 3146 1580 3201 nationi-

402 3235 551 3290 bus.-De
565 3236 738 3291 candidatis
750 3236 792 3289 ad
805 3235 993 3303 Societatem,
1008 3236 1101 3308 deque
1114 3236 1251 3289 tironum
1264 3252 1300 3289 uc
1309 3240 1444 3291 veterum
1455 3235 1489 3289 in
1498 3234 1580 3289 omni

404 3324 555 3379 virtutum
574 3342 687 3399 genere
704 3324 944 3395 exemptis-De
961 3324 1049 3379 sociis
1066 3326 1108 3378 ad
1125 3323 1327 3378 tridentinam
1343 3325 1489 3394 synodum
1505 3324 1580 3378 desi-

400 3413 602 3487 gnatis-De
623 3414 717 3468 Patre
728 3412 804 3485 Jajo
822 3431 841 3467 a
856 3414 999 3486 pluribus
1016 3413 1239 3485 expetita—De
1259 3414 1401 3468 Andreae
1418 3412 1580 3486 Lipomani

403 3520 477 3575 erga
490 3503 584 3559 socios
596 3502 791 3557 iiberalitate.
799 3502 876 3557 —De
888 3502 1109 3558 adolescentulo
1115 3500 1290 3573 faventino,
1305 3502 1463 3557 Societatis
1478 3501 1580 3579 candi·

403 3591 571 3647 data-De
580 3590 733 3645 sodalibus
744 3580 888 3655 Parisiis,
902 3590 1041 3655 Lovanii,
1054 3589 1197 3646 Coloniae
1205 3595 1234 3645 et
1244 3588 1385 3645 Gandree
1394 3590 1578 3664 degentibus.

419 3710 469 3775 La
489 3729 587 3775 suma
613 3705 729 3793 gracia
756 3730 778 3792 y
805 3728 900 3775 amor
922 3718 1041 3775 eterno
1061 3706 1104 3772 de
1131 3708 1197 3772 X.⁰
1225 3708 1364 3773 nu'estro
1391 3716 1494 3775 senor
1521 3727 1579 3772 sea

351 3825 497 3910 siempre
513 3845 556 3891 en
573 3834 713 3891 nuestro
729 3821 893 3890 continuo
909 3824 1007 3889 fauor
1021 3845 1044 3907 y
1061 3823 1185 3907 ayuda.

420 3941 471 4005 En
488 3949 562 4007 esta
579 3937 660 4005 dare
677 3958 743 4004 eon
759 3938 792 4003 la
806 3938 919 4023 ayuda
939 3938 982 4003 de
1002 3936 1089 4005 Dios
1109 3959 1240 4006 nueuas
1255 3940 1298 4005 de
1313 3939 1365 4004 las
1385 3959 1496 4019 cosas,
1513 3957 1579 4022 que

352 4055 436 4122 Dios
449 4066 462 4095 ²
475 4056 518 4121 N.
534 4054 571 4122 S.
590 4056 675 4121 haze
689 4074 753 4140 por
769 4074 828 4119 sus
843 4053 940 4122 fieles
951 4065 1137 4133 creaturas,
1151 4075 1232 4139 para
1244 4074 1312 4138 que
1324 4076 1386 4140 por
1397 4054 1480 4121 ellus
1491 4054 1578 4122 deen

361 4176 569 4185 --··-—-..——-—

405 4246 419 4273 a
439 4228 526 4285 Deest
540 4231 574 4285 in
587 4231 684 4285 attero
697 4232 839 4302 exempto.

405 4384 416 4416 ⁵
453 4382 597 4452 Joannem
610 4381 827 4437 Hassellanum.
843 4379 890 4436 Cf.
905 4382 1170 4451 BRAUNSBERGER,
1185 4380 1275 4436 Beati
1289 4381 1377 4436 Petri
1388 4380 1508 4437 Canisii
1520 4383 1579 4452 epi-

351 4472 450 4525 stulae
463 4474 491 4525 et
504 4474 582 4535 acta,
598 4470 618 4538 1,
635 4468 696 4524 232.

407 4561 413 4590 ¹
453 4558 498 4613 Ex
515 4560 578 4613 cod.
602 4558 690 4615 Ebur.
710 4558 735 4622 Ι,
754 4574 867 4629 apage,
882 4556 916 4612 fi.
935 4572 1048 4629 49v-52.
1064 4558 1152 4614 Aliud
1165 4566 1264 4613 exstet
1284 4561 1454 4633 exemplum
1467 4557 1499 4614 in
1514 4559 1577 4615 aad.

353 4646 444 4703 Ebur.
462 4646 501 4710 H,
516 4646 655 4715 tf‚71·74.
