3625 5400
737 540 797 580 1o
1483 523 1897 579 Monuuzma
1935 522 2290 578 lemn-mxu

658 700 877 744 Trana
913 676 1352 744 exhibebunt.
1383 677 1619 761 Quare
1652 676 1839 741 nulla
1860 672 2132 741 brevior
2154 674 2458 761 aptiorve
2480 676 2567 743 ad
2591 675 2773 741 illius
2797 675 3096 742 animum

660 792 1263 880 introopioiondum
1297 792 1406 857 via
1438 790 1815 877 excogitari
1847 800 2098 877 potest,
2136 811 2339 876 quam
2383 790 2657 858 assidua
2697 801 2765 859 et
2807 790 3101 877 diligens

660 912 1065 996 ool-iptorum
1101 908 1281 972 illino
1305 906 1668 976 meditatio.
1700 907 1819 973 Illa
1843 906 2024 974 enim
2048 918 2210 973 sunt
2233 906 2491 994 ingenii
2516 906 2622 973 sui
2646 919 2907 993 partus:
2936 904 3100 991 quid

656 1028 805 1112 ipse
837 1024 1065 1104 vellet,
1101 1024 1265 1108 quid
1297 1031 1649 1102 statueret,
1681 1021 1848 1106 quid
1877 1020 2215 1109 cogitaret
2246 1033 2366 1088 aut
2389 1023 2672 1090 sentiret
2696 1022 2947 1108 scripta
2977 1042 3103 1087 sua

660 1152 1021 1208 teotantor.
1059 1140 1285 1224 Quale
1321 1137 1522 1205 fuerit
1563 1158 1737 1224 opus
1775 1158 1923 1203 ase
1964 1136 2380 1218 institutum,
2426 1137 2757 1217 Societas,
2795 1136 3098 1223 inquam,

660 1276 797 1340 qua
833 1256 1089 1320 ratione
1125 1256 1269 1340 ipsa
1301 1254 1724 1340 procederet,
1777 1275 1914 1339 quo
1946 1252 2188 1338 spiritu
2231 1264 2575 1339 ageretur,
2620 1275 2821 1320 nemo
2861 1251 3105 1319 melius

664 1372 929 1456 ignatio
961 1372 1209 1452 dioero,
1249 1390 1582 1454 nusquam
1616 1368 1871 1436 rectius
1902 1390 2105 1454 quam
2137 1368 2249 1435 hic
2279 1369 2605 1456 cognosci
2627 1378 2871 1455 potest.
2898 1369 2973 1433 In
2999 1365 3104 1433 his

664 1488 969 1572 Ignatiuo
1001 1496 1105 1552 ost
1137 1484 1429 1572 optimus
1469 1484 1576 1550 sui
1617 1483 1831 1570 ipsius
1870 1495 2385 1566 commentator3
2429 1487 2599 1551 haec
2644 1506 2875 1570 opera,
2919 1503 3102 1549 nunc

664 1604 853 1688 prolo-
885 1604 1213 1688 oubjtiotffi
1253 1599 1792 1668 Constitutiones
1823 1623 1864 1667 a
1894 1622 1969 1667 se
1997 1600 2308 1666 conditas
2339 1599 2591 1686 optime
2633 1621 2765 1665 usu
2804 1608 2875 1665 et
2915 1598 3104 1685 praxi

664 1720 1033 1784 declarant.
1077 1716 1237 1780 Indo
1269 1726 1451 1800 patet
1483 1726 1814 1800 quantum
1842 1713 2150 1781 utilitatis
2172 1715 2444 1801 decerpi
2468 1724 2690 1800 potest
2713 1736 2798 1781 ex
2823 1713 2934 1780 his
2957 1734 3105 1780 mo·-

664 1832 1009 1900 numentio
1041 1832 1185 1896 ,τεῖνε
1233 1832 1317 1896 ad
1356 1831 1858 1918 propulsandos
1896 1852 2184 1910 erroreS,
2230 1830 2347 1916 qui
2389 1830 2642 1897 nostris
2683 1828 3106 1916 temporibus

664 1948 845 2012 oiroa
873 1948 1281 2012 Societatem
1309 1956 1730 2032 grassantur,
1750 1945 2318 2030 dedocendosque
2342 1944 2651 2013 homines
2673 1943 3105 2030 praejudiciis

669 2076 1065 2148 occupatoo,
1129 2060 1273 2128 sive
1333 2061 1419 2127 ad
1478 2060 1834 2129 veritatem
1903 2063 2460 2146 perscrutandam
2533 2071 2855 2145 recteque
2916 2058 3104 2145 judi-

669 2166 985 2244 candum]

805 2296 949 2360 Neo
993 2292 1309 2380 exiguam
1350 2293 1553 2360 etiam
1598 2292 1955 2359 utilitatem
2004 2315 2088 2359 ex
2128 2292 2238 2357 his
2288 2292 2771 2373 monumentis,
2817 2291 3107 2359 maxime

673 2432 833 2476 vero
877 2432 959 2476 ex
1005 2408 1246 2492 Ignatii
1289 2407 1850 2475 instructionibus
1888 2409 2329 2496 collegiorum
2373 2418 2440 2477 et
2481 2407 2806 2494 epistolis,
2866 2428 3107 2493 capere

673 2536 1013 2608 poterunt,
1061 2524 1177 2608 qui
1209 2523 1579 2604 hiotoriam,
1628 2533 1763 2591 tam
1804 2524 2181 2593 litterarum
2222 2547 2426 2611 quam
2467 2523 2815 2610 religionis
2861 2526 3104 2588 decur-

673 2652 863 2705 rente
893 2640 1173 2705 oaooulo
1217 2640 1398 2721 XVI,
1443 2638 1656 2708 velint
1696 2636 2134 2726 cognoscere.
2174 2639 2508 2708 Dixerunt
2539 2639 2684 2726 jam
2719 2638 2855 2719 alii,
2900 2648 2971 2704 et
3002 2638 3107 2704 in-

673 2753 885 2821 fioiari
913 2753 1153 2837 poterit
1181 2777 1404 2834 nomO,
1434 2755 1827 2840 hujusmodi
1849 2754 2098 2842 scripta
2124 2754 2537 2821 uberrimum
2564 2775 2714 2821 esse
2741 2755 2996 2822 fontem
3022 2754 3108 2820 ad

677 2869 1021 2933 historiam
1065 2869 1245 2937 illino
1285 2870 1537 2937 ⁴oaeculi
1584 2870 2170 2939 conscribendam.
2217 2873 2355 2941 Sed
2397 2873 2482 2939 de
2527 2870 2632 2937 his
2672 2869 2950 2936 uberius
3002 2868 3106 2934 di-

673 2985 961 3053 cendum
997 2985 1145 3061 erit,
1181 3006 1336 3049 oum
1368 2984 1762 3071 singillatim
1787 2988 1873 3052 ad
1901 2987 2431 3072 unumquodque
2456 2986 2859 3072 scriptorum
2887 3005 3109 3072 genus

669 3101 1005 3165 edendum
1041 3101 1503 3167 deveniamus.
1542 3103 1736 3169 Haec
1765 3100 1836 3167 in
1868 3121 2122 3188 genere
2165 3102 2346 3168 dicta
2386 3101 2753 3170 sufficiant.

1181 3297 1221 3361 4
1233 3329 1245 3341 .
1257 3299 1598 3346 —HORUM
1655 3299 2265 3347 MONUMENTORUM
2322 3300 2602 3348 FONTES

741 3457 749 3469 '
813 3449 1061 3513 Fontes
1093 3447 1457 3533 praooipui‚
1496 3448 1677 3516 unde
1717 3436 2116 3517 lomi-mm
2151 3452 2621 3518 MONUMENTA
2652 3451 3112 3532 deducuntur,

677 3573 837 3629 ειη-ιι
873 3561 1165 3641 Cocli-ooo,
1205 3561 1452 3645 quibus
1492 3564 1597 3630 usi
1637 3586 1899 3631 sumus.
1947 3564 2040 3631 Hi
2080 3574 2311 3631 autem
2352 3586 2638 3631 numero
2668 3566 2898 3652 plures
2928 3575 3114 3645 sunt,

681 3681 853 3741 ultra
881 3693 1177 3757 contum,
1209 3678 1607 3746 auotoritate
1639 3690 1708 3748 et
1732 3679 1950 3766 pretio
1971 3680 2351 3760 dissimiles,
2382 3702 2669 3765 quorum
2695 3680 2888 3746 multi
2920 3693 3119 3747 auto-

677 3793 945 3877 graphi,
977 3797 1205 3877 pluroo
1229 3794 1635 3879 transumpti
1667 3795 1953 3879 antiqui,
1981 3795 2273 3861 maxima
2303 3816 2388 3861 ex
2420 3805 2611 3881 parte
2641 3795 2894 3862 saeculi
2928 3796 3112 3862 XVI:

681 3909 905 3973 mulino
937 3933 1073 3973 non
1109 3909 1590 3977 aestimandus
3048 3997 3055 4001 ,

817 4029 1029 4089 Porro
1061 4025 1398 4106 oodioum,
1436 4025 1683 4110 quibus
1715 4026 1823 4092 usi
1853 4048 2114 4108 sumuS,
2142 4029 2279 4094 duo
2310 4038 2471 4093 sunt
2495 4047 2772 4113 genera.
2805 4028 3118 4095 Alterum

681 4141 749 4205 iii
785 4161 1029 4225 corpus
1065 4145 1400 4225 quoddam
1433 4142 1777 4223 coalescit,
1813 4165 1854 4208 a
1885 4142 2089 4209 variis
2118 4144 2313 4229 lapsu
2340 4143 2661 4229 temporis
2683 4143 3027 4229 digestum
3054 4156 3122 4211 et

681 4257 1001 4321 libroruin
1029 4257 1173 4325 aive
1201 4255 1616 4323 voluminum
1643 4257 1856 4324 instar
1880 4268 2455 4345 coagmentatum.
2489 4259 2904 4343 Hujusmodi
2929 4260 3125 4345 plura

681 4381 953 4437 exstant
985 4373 1350 4453 volumina,
1386 4386 1455 4439 et
1486 4396 1639 4459 pars
1669 4386 1775 4442 est
1814 4374 2178 4460 praecipua
2211 4378 2456 4441 horum
2497 4385 3118 4441 monumentorum.

681 4489 993 4553 Alterum
1021 4509 1245 4573 genus
1269 4489 1571 4554 officiunt
1597 4489 1755 4555 folia
1779 4512 1918 4557 non
1942 4489 2177 4576 ligata,
2198 4489 2524 4575 epistolae
2548 4488 2768 4558 thecis
2791 4489 3120 4568 inclusae,

681 4617 797 4669 aut
829 4605 917 4665 ad
961 4605 1363 4689 templorum
1405 4603 1695 4689 parietes
1736 4627 2098 4691 appensae,
2144 4605 2399 4691 scripta
2441 4604 2737 4690 denique
2777 4604 3127 4691 ignatiana

681 4741 837 4785 oum
873 4717 1153 4785 aliorum
1189 4719 1644 4786 monumentis
1675 4719 1743 4786 in
1776 4720 2078 4787 archivis
2108 4721 2397 4806 publicis
2429 4731 2546 4787 aut
2577 4720 2859 4808 privatis
2904 4742 3125 4787 asser-
