3625 5400
393 483 465 540 ψ·
618 461 625 488 '
769 465 976 520 Mortuum
994 463 1173 520 leuntiam

357 619 612 706 acompattadas
626 617 671 686 de
685 637 773 704 gran
788 614 956 684 devocion
972 637 995 701 y
1010 616 1132 683 deseos
1147 614 1301 682 intensos
1316 634 1359 680 en
1375 615 1408 681 el
1423 614 1583 694 seruici0,

359 737 522 822 abbanes
537 757 561 821 y
575 732 685 822 gloria
699 734 744 800 de
758 733 844 799 Dios
858 733 904 798 N.
923 732 976 812 S.‚
994 752 1050 798 me
1066 735 1153 818 goze
1165 733 1291 798 mucho
1306 751 1371 798 con
1387 729 1471 798 ellas
1484 751 1529 798 en
1549 731 1583 798 la

358 873 401 920 su
416 850 534 918 diuina
549 859 733 936 magestat,
754 854 776 914 a
797 847 901 934 quien
922 847 1027 934 plega
1048 868 1110 934 por
1131 847 1164 912 la
1185 867 1225 913 su
1249 845 1382 913 infinita
1405 869 1429 932 y
1450 867 1585 913 summa

358 966 496 1035 bondad
511 965 657 1051 siempre
672 964 705 1030 le
721 963 840 1048 quieta
854 973 1035 1032 aumentar
1047 983 1093 1028 en
1109 962 1206 1028 todas
1221 981 1319 1028 cosas
1329 961 1373 1029 de
1385 965 1426 1028 s'u
1438 965 1581 1028 sanctis-

357 1083 444 1151 simo
458 1105 482 1169 y
496 1080 623 1148 deuido
636 1078 795 1147 seruicia.

423 1200 565 1284 Quanto
580 1201 601 1262 a
616 1197 650 1262 la
664 1217 745 1263 casa
759 1215 828 1280 que
843 1216 887 1280 ay
902 1215 941 1260 se
956 1196 1041 1262 haze
1057 1215 1138 1280 para
1154 1193 1204 1260 las
1215 1192 1433 1262 conuertidas
1444 1194 1471 1273 ⁸,
1485 1213 1585 1259 como

356 1313 389 1382 el
403 1313 534 1399 clerigo
548 1333 616 1398 que
631 1311 713 1377 vino
727 1311 771 1376 de
788 1311 925 1396 Fspada
940 1331 1023 1395 para
1037 1309 1224 1376 demandar
1239 1317 1314 1378 esta
1328 1307 1445 1394 gracia
1459 1311 1504 1375 ha
1526 1329 1579 1376 es·

357 1431 437 1496 tado
451 1429 595 1494 muchos
609 1427 684 1493 dlas
698 1445 743 1492 en
758 1424 899 1511 prision,
922 1447 945 1510 y
965 1444 1067 1491 como
1090 1423 1123 1490 la
1142 1445 1223 1491 cosa
1245 1446 1283 1492 se
1304 1421 1447 1525 dilatase
1471 1432 1580 1502 tanto,

357 1546 464 1611 habra
480 1561 524 1610 20
538 1545 611 1610 dias
627 1563 706 1628 que,
723 1539 896 1607 hablando
918 1541 951 1605 al
970 1548 1072 1606 senor
1093 1543 1253 1624 marquis
1275 1540 1318 1605 de
1341 1537 1488 1626 Aguilar
1510 1539 1536 1618 ⁴,
1561 1544 1584 1604 a

254 1739 260 1748 ,
356 1659 460 1745 quien
476 1659 557 1725 toda
572 1679 653 1725 cosa
668 1656 767 1724 viene
783 1649 1055 1736 encomendadaJ
1070 1655 1297 1742 ypidiendole
1308 1677 1331 1740 y
1342 1655 1511 1721 dandome
1522 1675 1582 1720 co-

357 1774 500 1842 missiou
515 1794 598 1860 para
613 1772 835 1858 despacharlo
851 1792 917 1837 eon
933 1774 1059 1836 mucha
1074 1770 1284 1858 benignidad
1299 1793 1322 1856 y
1337 1771 1462 1857 plazer,
1480 1791 1582 1856 yavn

356 1913 400 1960 en
416 1910 459 1956 su
474 1891 629 1969 nombre,
646 1911 669 1974 y
685 1908 784 1953 como
800 1886 907 1971 mejor
922 1885 1094 1973 pudiesse3
1112 1887 1259 1973 despuis
1274 1887 1448 1952 hablando
1468 1891 1488 1951 tr
1508 1907 1581 1951 ma-

356 2008 458 2072 dama
473 2007 499 2084 ⁸,
516 2026 540 2091 y
556 2004 621 2071 ella
635 2001 904 2082 intertediendo,
923 2003 961 2070 S.
979 2003 1016 2070 S.
1035 2004 1079 2068 ha
1095 2002 1264 2068 mandado
1279 2023 1340 2068 ver
1351 2003 1402 2068 los
1414 2001 1584 2088 capitulos

355 2282 419 2337 zius
432 2281 604 2336 Vallisoleto
614 2293 649 2349 25
662 2279 758 2334 Martii
773 2290 852 2348 1545:
867 2279 918 2333 «El
932 2277 1035 2350 obispo
1047 2277 1085 2332 de
1099 2277 1255 2334 Calahorra
1267 2285 1464 2333 nuevamente
1474 2279 1578 2348 electo,

354 2388 413 2444 que
426 2387 459 2425 es
471 2371 499 2426 el
513 2369 622 2424 Doctor
635 2369 755 2436 Vernal,
768 2367 806 2422 de
821 2367 858 2422 V.
871 2368 908 2421 R.
924 2385 994 2440 muy
1011 2367 1118 2440 amigo,
1138 2367 1175 2421 de
1193 2369 1220 2422 la
1236 2366 1398 2440 Compadla
1415 2367 1540 2440 aelador,
1560 2386 1582 2440 y

356 2459 396 2515 mi
408 2477 480 2530 muy
491 2457 614 2528 antiguo
625 2457 745 2524 deuoto,
757 2473 814 2512 con
828 2457 934 2511 mucha
945 2457 1099 2528 ynstanria
1117 2473 1170 2512 nos
1187 2455 1256 2528 pide
1275 2473 1344 2529 para
1360 2455 1543 2528 coadjutores
1561 2475 1582 2528 y

354 2547 549 2620 cooperarios,
568 2548 674 2602 saltem
691 2545 728 2600 ad
749 2553 875 2617 tempus,
894 2562 965 2617 para
981 2562 1016 2600 su
1035 2545 1195 2618 dyopesyn.
1216 2546 1312 2616 Epist.
1330 2546 1455 2610 Mixtus,
1474 2546 1497 2613 1,
1516 2543 1581 2600 203.

355 2637 495 2710 Ejusdem
508 2635 598 2691 etiam
615 2636 729 2691 litteras
741 2634 779 2689 ad
792 2634 939 2706 Ignatium
951 2636 1134 2708 protulimus,
1154 2635 1248 2708 Epist.
1269 2635 1394 2701 Mixtus,
1415 2636 1437 2707 1,
1459 2647 1523 2689 210.
1543 2635 1581 2707 V,

354 2740 418 2795 720,
430 2738 494 2795 755.
508 2724 556 2780 Cf.
572 2726 765 2780 Diccionario
781 2723 1114 2797 Geogrdficotristdrico
1127 2727 1163 2781 de
1178 2726 1300 2796 Espar'tn
1310 2730 1369 2798 por
1378 2726 1410 2779 la
1420 2725 1498 2780 Reol
1505 2726 1583 2781 Aco-

354 2816 456 2872 demia
467 2816 504 2871 de
515 2815 549 2869 la
564 2814 715 2869 Historia.
730 2814 852 2869 Seccidn
868 2813 893 2877 Ι,
908 2822 931 2868 t.
943 2808 970 2881 1,
984 2832 1067 2886 pags.
1081 2812 1213 2885 460-468,
1227 2815 1278 2869 ubi
1290 2814 1431 2869 asseritur
1443 2814 1581 2887 oppidum

356 2906 435 2960 Luco
449 2902 616 2976 provinciae
630 2904 743 2957 Alavae
756 2902 878 2974 Joannis
896 2903 1037 2959 Bernardi
1055 2905 1178 2977 patriam
1198 2903 1359 2975 exstitisse,
1378 2912 1480 2959 eontra
1496 2904 1577 2975 alios,

354 2994 406 3067 qui
428 2993 574 3063 Hispalim
595 3008 662 3047 esse
683 2991 876 3059 contendunt;
898 2991 1073 3048 Gouzluuz
1099 2994 1233 3064 Dlvrtn,
1260 2994 1368 3048 Teatro
1390 2993 1581 3066 eclesidstico,

355 3092 376 3139 t.
392 3084 429 3154 11,
445 3100 512 3155 pag.
526 3080 589 3136 368.

407 3174 419 3204 ³
454 3173 629 3226 Sermonem
641 3186 709 3225 esse
721 3168 925 3224 existimamus
942 3169 980 3224 de
999 3170 1133 3240 aedibus,
1150 3189 1222 3243 quas
1240 3170 1394 3226 instituere
1413 3170 1579 3229 Vallisoleti

352 3270 490 3333 coeperat
502 3261 550 3315 Fr.
565 3258 763 3314 Bernardinus
775 3257 813 3312 de
826 3258 953 3331 Minaya,
968 3258 1006 3317 Ο.
1020 3259 1065 3331 Ρ.,
1086 3268 1120 3315 ut
1136 3259 1254 3315 feminis
1270 3277 1288 3314 e
1304 3259 1387 3315 vitiis
1404 3260 1580 3331 emergenti·

353 3354 410 3406 bus
422 3348 588 3421 perfugium
602 3354 713 3416 essent3
727 3346 765 3401 de
776 3364 835 3420 quo
845 3364 933 3420 opere
947 3348 1058 3403 mentio
1070 3349 1141 3404 alibi
1153 3349 1230 3404 facta
1243 3358 1299 3403 est.
1318 3349 1409 3404 Porro
1426 3352 1470 3405 <rel
1491 3350 1579 3404 licen·

353 3438 437 3495 ciado
449 3437 633 3507 Medrano...,
649 3435 838 3491 secundando
851 3438 895 3491 los
907 3436 1013 3491 deseos
1026 3436 1073 3492 del
1087 3437 1121 3492 P.
1136 3436 1261 3511 Minaya‚
1274 3437 1370 3507 eedio,
1381 3456 1450 3509 para
1458 3456 1516 3511 que
1527 3439 1580 3493 sir-

353 3527 436 3582 viese
448 3526 486 3581 de
498 3526 624 3599 primera
638 3524 784 3579 moradad
802 3532 882 3579 estas
901 3542 1038 3595 mugeres
1057 3524 1188 3597 publicas
1209 3526 1419 3598 arrepentidas‚
1438 3544 1496 3582 una
1512 3544 1579 3582 casa

351 3636 409 3692 que
422 3620 522 3690 posela
535 3634 573 3672 en
585 3618 612 3671 la
625 3616 699 3671 calle
714 3615 750 3669 de
764 3616 901 3687 Francos,
918 3634 955 3671 en
969 3618 996 3671 la
1008 3634 1066 3689 que
1079 3618 1105 3671 al
1119 3616 1159 3671 tin
1172 3634 1204 3672 se
1218 3616 1378 3673 establecio
1389 3626 1453 3672 esta
1463 3619 1580 3690 especie

352 3709 389 3763 de
408 3708 555 3763 reclusiou
570 3722 626 3760 con
643 3706 670 3760 el
693 3707 815 3759 nombre
832 3704 869 3759 de
888 3706 1110 3777 Arrepentidas
1125 3708 1162 3761 da
1182 3707 1280 3762 santa
1298 3708 1402 3761 Maria
1419 3706 1580 3781 Magdala·

351 3816 440 3863 na...,
454 3798 482 3851 la
494 3797 559 3850 eual
571 3793 669 3867 quedo
686 3812 724 3866 ya
737 3810 775 3849 eu
792 3792 885 3849 forma
901 3794 939 3850 de
958 3802 1105 3851 convento
1122 3812 1160 3850 en
1178 3797 1205 3850 el
1223 3800 1278 3850 atio
1298 3808 1419 3866 1540...»
1438 3796 1581 3852 Sancus-

351 3900 417 3943 oon
434 3885 584 3954 VtrorrttS,
604 3883 745 3937 Historia
762 3884 832 3937 de...
858 3882 1042 3949 Vallariolid,
1061 3891 1083 3939 t.
1101 3884 1140 3955 11,
1154 3900 1220 3955 pag.
1239 3883 1302 3955 319.
1316 3884 1423 3941 Postea
1436 3902 1515 3958 vero,
1530 3902 1578 3940 au·

351 3984 400 4031 cto
409 3974 513 4030 indies
523 3989 623 4044 opere,
633 3970 706 4027 illud
717 3968 823 4025 Carolo
835 3972 862 4023 V
874 3988 908 4026 ac
922 3971 1056 4044 Philippo
1070 3972 1201 4045 principe
1215 3974 1456 4046 provehentibus‚
1469 3991 1577 4030 novum

350 4062 535 4119 aedificatum
548 4069 594 4116 est
610 4061 798 4122 coenobium,
810 4060 889 4133 quod
902 4062 941 4115 ab
954 4060 1058 4115 eodem
1071 4060 1205 4132 Philippo
1223 4078 1330 4117 nomen
1343 4069 1507 4118 mutuatum
1520 4070 1577 4117 est:

351 4154 415 4209 Sara
427 4154 529 4223 Felipe
541 4153 578 4207 de
591 4151 623 4205 la
632 4150 816 4221 penitencia.
830 4148 890 4204 Sed
902 4148 940 4203 de
953 4149 999 4203 his
1013 4150 1119 4205 iterum
1133 4158 1245 4221 postea.

405 4246 417 4275 ⁴
453 4238 590 4295 Caesaris
603 4234 870 4311 apud‘pontificem
887 4246 994 4293 orator.
1016 4237 1092 4292 Vide
1111 4238 1265 4311 epistolam
1285 4238 1329 4295 33.
1350 4240 1414 4295 Hac
1432 4256 1503 4295 vero
1519 4241 1579 4313 epi·

351 4334 426 4386 stola
438 4330 475 4384 ad
489 4331 632 4401 Joannem
645 4326 720 4381 Diaz
737 4326 775 4382 de
793 4326 882 4399 Luco,
897 4335 1015 4399 reperta
1031 4344 1099 4382 cum
1117 4327 1166 4383 illa
1180 4328 1241 4400 jam
1259 4329 1338 4401 typis
1357 4328 1491 4401 subjecta
1508 4328 1578 4385 iuis·

351 4428 408 4485 set,
425 4417 633 4473 confirmantur
648 4432 724 4488 quae
746 4415 788 4470 ibi
809 4414 937 4473 diximus
955 4415 992 4470 de
1014 4417 1243 4472 commoratione
1263 4434 1383 4474 romana
1404 4418 1578 4474 marchionis

353 4506 511 4579 Aguilaris.

404 4598 417 4629 ⁸
453 4595 549 4665 Saepe
562 4592 678 4648 laudata
691 4592 848 4663 Margarita
860 4592 897 4647 de
912 4592 1043 4649 Austris.
1059 4594 1244 4650 «Vocabatur
1256 4596 1294 4651 ab
1306 4594 1387 4651 Italis
1405 4596 1455 4651 rio
1473 4596 1578 4653 trada-

350 4704 430 4749 mur,
444 4701 462 4737 a
477 4700 536 4755 quo
550 4682 668 4737 nomine
688 4682 852 4753 appellatur
872 4683 968 4754 platea
985 4682 1139 4755 quaedam,
1159 4684 1189 4739 in
1206 4686 1279 4740 urbe
1296 4684 1389 4740 Roma
1406 4692 1437 4740 et
1454 4684 1525 4740 villa
1541 4684 1579 4739 ad
