3625 5400
664 466 769 522 Erusr.
792 463 978 534 111,-8111111
999 465 1068 534 1538
1224 546 1228 552 Ι
1392 477 1443 536 129

317 619 500 686 Venerunt
518 618 588 681 huc
603 615 730 702 scripta
745 615 899 704 magistri
916 619 1059 698 Thome,
1078 641 1145 705 que
1161 617 1291 704 antiqui
1308 617 1364 684 hie
1381 617 1479 682 valde

243 734 407 812 laudant,
425 733 487 800 sed
503 730 585 810 noui
600 743 635 798 et
650 730 795 823 iuuenes
810 754 879 799 non
896 743 1015 801 tenent
1026 734 1153 820 aliquid
1165 736 1207 802 de
1220 733 1281 816 eis;
1295 746 1329 801 et
1342 733 1480 818 quando

246 849 438 915 habuimus
466 847 647 914 consilium
675 871 720 915 an
744 849 853 915 eciam
873 849 1039 916 vellemus
1054 851 1258 918 concludere
1279 859 1398 916 contra
1422 869 1476 927 ea,

154 1029 162 1038 ,
246 977 337 1030 tunc
354 963 401 1029 illi
418 964 558 1043 nouelli,
577 963 635 1049 qui
651 985 721 1030 non
736 975 817 1030 sunt
832 965 947 1031 adhuc
967 965 1049 1032 satis
1065 965 1337 1052 experimentati,
1356 975 1477 1033 tenue·
1577 989 1578 993 ¹

246 1212 361 1284 aliquid
373 1212 561 1283 concludere,
571 1212 683 1285 antiqui
697 1230 734 1268 an
746 1212 828 1268 navi?
838 1215 991 1269 «Novelli»
1003 1215 1123 1287 -inquit
1132 1215 1479 1285 Ignatius-utenuerunt

247 1302 418 1373 oppositum
436 1301 564 1374 antiquis
582 1302 651 1372 illis,
668 1301 801 1357 dicentes
818 1303 896 1375 quod
913 1304 1040 1358 Thomas
1058 1314 1104 1360 est
1124 1306 1264 1360 innocens
1282 1312 1312 1358 et
1330 1319 1478 1374 nunquam

248 1389 368 1462 scripsit
386 1389 497 1462 aliquid
514 1389 550 1444 ad
567 1391 742 1463 hereticum,
761 1401 792 1446 et
808 1393 852 1447 sic
871 1410 963 1466 usque
982 1394 1076 1449 adhuc
1094 1393 1339 1467 impediuerunt.u
1359 1389 1479 1445 Novelli

248 1497 322 1551 ergo
336 1483 495 1536 noluerunt
508 1489 541 1536 ut
557 1481 667 1554 aliquid
683 1482 906 1538 concluderetur
922 1493 1023 1538 contra
1040 1486 1193 1550 Thomam,
1212 1481 1302 1537 immo
1318 1479 1479 1552 impedive-

247 1580 329 1624 runt.
342 1570 467 1642 Antiqui
479 1570 569 1641 igitur
581 1571 810 1626 voluere-Sed
824 1589 904 1642 ecce,
915 1573 964 1628 isti
975 1574 1087 1646 antiqui
1097 1582 1176 1644 sunt,
1187 1589 1224 1626 ex
1235 1570 1344 1644 protasi
1355 1567 1480 1642 periodi,

251 1659 305 1730 qui
317 1659 451 1729 magistri
464 1660 595 1714 Thomae
607 1660 716 1731 scripta
729 1661 832 1715 «valde
852 1662 1001 1732 laudant»,
1019 1663 1105 1719 anovi
1119 1671 1149 1718 et
1162 1661 1285 1716 iuuenes
1299 1676 1358 1715 non
1375 1665 1480 1712 tenent

252 1748 366 1820 aliquid
378 1747 416 1802 de
429 1747 500 1802 eis».
516 1750 600 1819 Quae
613 1749 685 1804 satis
698 1748 775 1803 inter
787 1767 820 1804 se
832 1753 989 1806 cohaerere
1002 1769 1060 1807 uon
1074 1752 1221 1807 videntur.
1242 1747 1413 1807 Omittimus
1432 1746 1480 1800 ad·

252 1836 375 1892 ductam
388 1837 531 1892 rationem
545 1846 578 1891 ut
590 1839 627 1891 ab
639 1837 814 1909 scriptorum
828 1825 1045 1911 oppugnatione
1058 1840 1246 1908 desisterent,
1260 1854 1335 1910 quae
1349 1853 1419 1891 sane
1430 1835 1480 1889 mi·

253 1926 358 1982 rabilis
372 1936 427 1982 est.

308 2017 340 2085 e)
376 2014 436 2069 Sed
449 2015 515 2087 quis
529 2015 647 2070 tandem
660 2017 802 2087 magister
813 2017 861 2072 hic
873 2018 1000 2073 Thomas
1014 2017 1082 2073 erit?

310 2107 378 2160 Hoc
390 2123 497 2160 nomen
511 2106 599 2160 miras
612 2106 680 2160 olim
693 2107 881 2178 quaestiones
894 2108 1044 2164 excitavit.
1058 2109 1094 2162 R.
1115 2106 1304 2176 P.'Berthier,
1325 2106 1356 2160 l..
1366 2121 1402 2168 1.,
1421 2100 1483 2173 opi-

255 2203 344 2251 natus
357 2203 404 2249 est
416 2194 463 2248 hic
475 2194 524 2265 agi
537 2194 573 2248 de
590 2193 660 2248 divo
678 2195 789 2250 Thoma
807 2194 964 2268 Aquinate,
985 2196 1107 2269 ejusque
1123 2196 1285 2251 doctrinam
1302 2193 1392 2265 carpi.
1414 2192 1484 2262 Quo

255 2286 364 2358 posito,
380 2284 573 2338 mirabiliores
587 2284 675 2339 etiam
688 2285 849 2356 positiones
861 2285 995 2356 adstruit,
1011 2286 1095 2358 quasi
1107 2277 1144 2340 e‘x
1162 2285 1212 2339 illo
1229 2283 1310 2338 fonte
1328 2281 1480 2336 deductas.

255 2375 303 2430 Illi
317 2375 406 2429 Pater
417 2374 547 2427 Bruclrer
560 2373 590 2428 S.
606 2373 635 2443 J.
646 2372 808 2445 respondit,
819 2359 965 2430 drudes...
977 2375 1079 2429 Revue
1090 2375 1260 2442 mensuelle,
1275 2370 1308 2426 13
1319 2372 1387 2440 Jun.
1402 2368 1481 2438 1896,

256 2480 342 2536 pags.
356 2461 486 2531 sas-332,
501 2464 645 2535 planeque
658 2463 787 2518 ostendit
800 2463 830 2518 in
842 2465 897 2519 hac
910 2465 1034 2535 epistola
1046 2481 1210 2519 sermonem
1228 2461 1265 2516 de
1283 2460 1353 2514 divo
1370 2458 1483 2513 Thoma

256 2570 317 2608 non
330 2569 407 2607 esse.
422 2552 529 2622 Ecquis
541 2551 580 2606 de
594 2551 643 2606 illo
655 2551 719 2606 fieri
732 2569 895 2607 sermonem
908 2553 1017 2624 credat,
1033 2569 1099 2608 cum
1113 2551 1212 2607 audiat
1229 2551 1350 2605 Romam
1365 2544 1485 2601 venisse

257 2641 367 2714 scripta
380 2641 511 2711 magistri
521 2641 651 2695 Thomas
665 2657 766 2713 eaque,
780 2649 812 2695 ut
824 2643 901 2696 lecta
915 2641 1052 2713 fuissent,
1062 2641 1175 2696 animos
1185 2640 1326 2713 juvenum
1341 2653 1375 2692 ac
1388 2634 1484 2690 senio·

256 2750 322 2786 rum
334 2731 366 2785 in
378 2729 511 2802 opposita
520 2728 706 2785 distraxisse?
715 2731 863 2803 Numquid
876 2731 938 2786 divi
948 2733 1078 2787 Thomae
1092 2731 1199 2803 scripta
1211 2738 1261 2785 aut
1274 2744 1378 2783 recens
1392 2725 1482 2795 edita,

258 2828 311 2875 ant
325 2820 434 2874 Romae
447 2836 506 2874 non
518 2820 712 2889 habebantur,
726 2828 776 2875 aut
789 2821 868 2891 prius
881 2823 958 2876 lecta
976 2838 1034 2875 non
1051 2818 1181 2875 fuerant?
1198 2819 1275 2873 Sane
1293 2816 1364 2872 nihil
1384 2830 1484 2870 eorum

257 2907 318 2963 dici
329 2916 436 2980 potest.
451 2909 571 2978 Quanto
583 2906 753 2963 credibilius
766 2917 812 2963 111
824 2908 872 2977 agi
885 2909 922 2963 de
936 2909 1034 2982 aliquo
1049 2909 1188 2979 magistro
1200 2898 1324 2975 Thema,
1338 2903 1426 2959 sociis
1439 2917 1485 2957 co-

257 2998 343 3068 gnito
352 2996 480 3067 Parisiis,
493 2996 577 3067 cujus
587 2996 694 3069 scripta
708 3014 811 3052 recens
824 2998 902 3053 edita
916 2998 952 3052 ad
966 2998 1045 3069 ipsos
1055 2997 1151 3052 delata
1165 2994 1245 3051 sunt?
1255 2996 1341 3050 Pater
1354 2994 1486 3047 Brucker

258 3085 441 3141 existimavit
463 3085 635 3155 magistrum
657 3086 799 3140 Thomam
817 3104 884 3142 esse
901 3087 1042 3141 Thomam
1059 3086 1096 3141 de
1114 3087 1181 3154 Vio,
1201 3084 1290 3154 vulgo
1307 3080 1485 3137 cardinalem

257 3174 444 3245 6111111111,
458 3172 542 3244 eujus
554 3174 663 3244 scripta
676 3172 733 3228 illis
747 3176 939 3247 temporibus,
953 3176 983 3231 in
996 3193 1070 3248 quae
1084 3174 1207 3247 epistola
1220 3172 1331 3241 incidit,
1347 3171 1377 3225 in
1390 3170 1484 3224 disce·

258 3261 421 3335 prationem
444 3278 563 3316 venere.
587 3262 654 3317 Non
670 3262 850 3318 infirmamus
868 3264 946 3319 illius
964 3264 1151 3335 sententiam3
1167 3262 1219 3319 sed
1232 3277 1354 3317 necesse
1367 3276 1427 3314 non
1440 3266 1487 3313 111

258 3351 417 3423 singularis
427 3350 484 3406 viri
495 3370 602 3408 nomen
615 3352 753 3425 proferre,
765 3353 816 3425 qui
826 3363 947 3409 vocetur
957 3354 1083 3409 Thomas
1093 3353 1204 3422 (multis
1218 3352 1296 3407 euim
1309 3352 1368 3405 tale
1379 3364 1486 3404 nomen

259 3447 376 3512 poterat
388 3440 555 3510 obtingere)
567 3440 603 3496 ad
616 3440 810 3496 adserendum
826 3441 865 3514 id,
881 3442 959 3514 quod
971 3442 1166 3497 certissimum
1184 3458 1250 3496 esse
1265 3438 1440 3511 judicamus,
1456 3436 1485 3492 in

259 3536 360 3584 nostra
373 3529 498 3600 epistola
510 3547 674 3585 sermonem
688 3530 725 3585 de
738 3530 807 3585 divo
820 3531 933 3586 Thoma
946 3549 1004 3587 non
1017 3531 1091 3587 fieri.

297 3632 324 3686 3.
361 3618 408 3673 De
416 3623 559 3689 persono,
573 3620 624 3673 cui
639 3619 793 3675 scribitur.
811 3619 886 3674 Tum
904 3636 1043 3693 praesens
1062 3620 1193 3691 epistola,
1213 3627 1275 3673 tum
1293 3634 1367 3690 quae
1386 3615 1486 3688 proxi-

260 3722 308 3760 me
321 3722 385 3761 1111
399 3706 572 3779 insequitur,
592 3706 712 3762 Nicolao
730 3708 828 3763 Furuo
845 3709 992 3763 Lutetiam
1007 3708 1182 3763 Parisiorum
1197 3706 1331 3762 mittitur.
1347 3706 1422 3774 Jam‚
1438 3703 1487 3757 hic

260 3795 306 3848 vir
318 3795 486 3865 incognitus
499 3812 617 3867 prorsus
630 3804 686 3851 est.
706 3796 824 3867 Anglici
837 3796 965 3853 editores
979 3798 1151 3853 Nicholaum
1168 3800 1203 3851 de
1222 3797 1325 3851 Turno
1339 3796 1486 3864 legerunt3

260 3885 350 3939 Pater
361 3884 507 3956 Berthier,
520 3893 551 3940 et
563 3894 645 3940 11111
658 3884 787 3957 quidem,
806 3887 843 3941 de
860 3888 965 3941 Furuo
983 3887 1066 3957 legit.
1086 3887 1163 3957 Quia
1177 3886 1243 3941 talis
1261 3883 1317 3939 viri
1330 3899 1385 3938 nec
1399 3880 1486 3935 vesti-

260 3971 343 4043 gium
365 3972 483 4044 quidem
505 3972 773 4045 deprehenderunt,
791 3973 821 4029 in
839 3974 934 4029 varias
951 3975 1133 4046 conjecturas
1147 3974 1262 4029 abiere:
1281 3974 1317 4028 de
1335 3972 1427 4035 Tour,
1446 3971 1488 4025 du

262 4062 356 4134 Four,
366 4062 414 4116 nel
426 4061 553 4133 Dufour
566 4061 724 4132 legendum
736 4079 802 4118 esse
814 4072 1003 4132 censuerunt,
1024 4064 1162 4135 gallicum
1175 4077 1336 4133 cognomen
1349 4060 1415 4115 viro
1434 4058 1488 4113 tri-

262 4151 398 4221 buentes,
412 4150 496 4222 quasi
509 4151 630 4206 alterius
648 4151 775 4207 nationis
792 4152 916 4223 regnive
933 4168 1070 4209 essenon
1088 4162 1198 4225 posset.
1213 4153 1254 4207 At
1271 4150 1336 4205 aliis
1353 4148 1491 4219 (fortasse

261 4238 383 4309 rectius)
400 4256 487 4294 secus
504 4239 632 4310 videtur,
650 4256 716 4295 cum
735 4240 785 4295 ille
807 4242 893 4296 homo
915 4241 1073 4309 amicitiam
1095 4258 1129 4296 ac
1151 4239 1399 4296 necessitudinem
1422 4254 1490 4291 curn

260 4326 326 4381 Bto.
341 4327 429 4381 Avila
441 4326 485 4381 sic
498 4328 645 4398 habuerit,
659 4334 691 4381 ut
704 4327 837 4400 Ignatius
846 4346 899 4401 per
912 4329 994 4385 illum
1007 4346 1039 4383 se
1053 4331 1119 4383 Bto.
1132 4330 1218 4383 Avila
1228 4324 1427 4387 commendari
1439 4342 1489 4379 ve·

260 4414 306 4469 litt
320 4414 466 4485 «Johanni
478 4415 567 4471 Anile
579 4415 696 4471 debetis
714 4434 761 4471 me
778 4418 1011 4487 commendare»,
1030 4427 1088 4477 etc.
1103 4417 1180 4473 Vide
1198 4416 1284 4489 epist.
1305 4423 1488 4488 sequentem.

261 4503 328 4574 Jam
345 4506 429 4559 Btus.
450 4506 580 4575 Joannes
598 4504 635 4561 de
653 4505 742 4561 Avila
758 4523 814 4561 uec
831 4506 952 4562 Parisiis
965 4506 1048 4562 dedit
1060 4506 1166 4563 studiis
1184 4524 1310 4579 operam,
1327 4522 1391 4573 nec,
1412 4501 1490 4575 quod

258 4591 396 4662 sciamus,
410 4593 453 4648 ibi
466 4602 600 4649 versatus
612 4604 670 4649 est.
685 4592 732 4649 cf.
747 4596 943 4651 Funuanbuz
956 4596 1129 4667 Mortuus,
1143 4596 1250 4653 Nuava
1263 4596 1380 4653 edicidn
1394 4596 1430 4649 de
1444 4594 1492 4647 las

259 4680 349 4735 ebrus
357 4682 406 4737 del
415 4682 511 4737 Beato
518 4682 607 4752 Juan
615 4685 651 4738 de
661 4668 765 4748 daila,
777 4683 827 4755 IV,
840 4698 938 4757 xxxu,
950 4685 1000 4757 qui
1012 4684 1075 4740 11111
1089 4702 1176 4758 posse
1189 4686 1325 4764 opinatur
1335 4683 1490 4739 Nicolaum

285 4825 293 4841 ι
396 4777 501 4823 Horou.
519 4778 739 4837 lusam-Errat„
755 4791 815 4825 1111.
831 4780 855 4825 1.
1341 4782 1355 4826 9
