3625 5400
776 373 984 429 Mouuusurs
1002 373 1180 430 torremur

940 527 1015 609 2⁰⁰

623 659 806 728 PATRI
836 660 1079 748 JACOBO
1115 659 1332 728 LAINIO

727 786 814 830 noun
832 785 939 830 nausa
957 767 1096 832 ocrosnr'
1116 787 1184 845 1547
1203 777 1223 828 ¹.

437 872 474 926 Ut
482 871 660 944 peragratis
672 872 852 942 quibusdam
861 872 972 928 Italiae
985 873 1114 945 oppidis,
1128 873 1317 928 Florentiam
1326 889 1356 928 ss
1368 872 1515 945 conferat.

433 987 787 1072 Laynez.-Scriuese
802 993 823 1053 a
837 989 987 1074 Laynez,
1002 1009 1069 1073 que
1080 988 1124 1055 de
1137 991 1264 1056 Perosa
1276 1009 1364 1074 vaya
1375 994 1395 1055 a
1406 987 1590 1076 Augusto,

365 1101 409 1167 de
436 1102 564 1183 donde,
588 1101 758 1168 visitando
777 1103 878 1188 aquei
898 1102 1074 1190 obispad0‚
1097 1125 1158 1189 por
1178 1104 1329 1172 Cortona
1352 1127 1374 1190 y
1395 1107 1590 1189 Montepul-

366 1215 464 1282 eiano
480 1220 584 1304 (para,
602 1217 685 1285 sies
700 1216 842 1303 posible,
861 1219 1017 1304 predicar
1031 1241 1054 1304 y
1069 1221 1225 1286 consolat
1240 1225 1261 1286 a
1276 1221 1327 1286 los
1339 1221 1383 1286 de
1394 1220 1462 1306 alli)
1479 1241 1592 1305 venga

366 1338 388 1397 a
403 1332 580 1399 Florentia
595 1339 615 1399 a
630 1332 786 1420 predicar
801 1335 833 1400 el
854 1335 1018 1402 aduiento
1034 1335 1060 1405 ¹.

657 1593 798 1660 PATRI
828 1471 1015 1660 ΕΙ,ΡΙΙ)2Ιῗ)Ι
1047 1592 1305 1661 UGOLETTO

726 1712 815 1755 nous
833 1711 939 1754 nausa
958 1711 1097 1755 ocromu
1118 1710 1186 1768 1547
1207 1701 1232 1752 ⁴.

827 1796 872 1852 Ns
884 1797 1014 1852 Romam
1026 1797 1140 1852 veniat.

301 1895 310 1912 ⁹
413 1894 417 1906 ¹
437 1912 788 2006 Elpidi0.-Soriuese
803 1920 823 1980 a
839 1915 957 1982 Padua
973 1919 992 1980 a
1007 1913 1076 1980 don
1097 1913 1229 1998 Elpidio
1251 1935 1318 1997 que
1337 1935 1383 1980 no
1403 1933 1517 1999 venga
1532 1933 1593 1998 por

371 2027 421 2120 las
437 2028 650 2099 turbationes
665 2041 731 2098 etc.
751 2031 776 2096 ¹.

427 2257 433 2286 ¹
472 2252 631 2308 Excodice
646 2251 1254 2325 aegentia.rr3r,manu1³.1’01anci.
1419 2319 1422 2327 ‚

424 2345 436 2376 ¹
473 2343 537 2397 Etsi
559 2341 668 2397 notatio
689 2341 829 2413 temporis
850 2340 1050 2410 desideretur,
1072 2349 1208 2413 putamus
1231 2349 1329 2396 tamen
1351 2338 1473 2398 Octobri
1495 2355 1593 2392 mense

372 2433 445 2486 baec
458 2430 559 2485 Lainio
571 2429 665 2485 fuisse
677 2430 795 2502 scripta.
806 2431 936 2486 Primum
945 2430 1064 2504 quidem
1073 2431 1141 2503 quia
1151 2432 1291 2504 Regma,
1303 2429 1354 2484 ubi
1364 2431 1437 2492 haec
1446 2444 1595 2483 asservan-

372 2528 430 2586 tur,
456 2518 586 2574 indicant
607 2519 657 2574 illo
679 2536 780 2574 mense
802 2518 894 2574 fuisse
917 2519 1034 2592 scripta,
1049 2519 1127 2592 quod
1149 2519 1261 2575 dictum
1287 2518 1376 2574 etiarn
1400 2520 1533 2573 volumus
1558 2515 1593 2570 de

374 2608 510 2663 omnibus
522 2607 670 2663 schedulis
683 2607 714 2663 in
727 2607 832 2662 eodem
845 2608 895 2663 iol.
912 2609 1071 2679 contentis,
1084 2625 1159 2680 quae
1176 2608 1275 2664 statim
1293 2607 1463 2662 afferuntur.
1483 2605 1594 2660 Deinde

373 2696 443 2770 quia
455 2698 480 2752 si
493 2695 673 2768 peragranda
685 2705 769 2777 erant
781 2695 898 2771 oppida,
911 2715 986 2770 quae
997 2696 1026 2753 in
1036 2700 1090 2753 hac
1100 2698 1240 2753 schedula
1249 2695 1595 2769 designentur,civesque

375 2785 528 2841 excolendi
540 2795 609 2841 ante
620 2803 708 2859 quam
721 2787 898 2842 Florentiam
911 2804 944 2841 se
957 2786 1076 2843 Lainius
1089 2786 1415 2861 reciperet,.conciones
1424 2786 1462 2841 de
1471 2784 1596 2840 adventu

375 2876 534 2931 servatoris
547 2876 620 2946 Jesu
632 2874 793 2946 habiturus,
809 2885 890 2933 certe
903 2874 1026 2933 Octobri
1042 2893 1142 2931 mense
1155 2885 1273 2931 autnon
1284 2878 1375 2931 multo
1385 2892 1471 2931 secus
1482 2891 1595 2929 monen-

375 2964 431 3033 dus
444 2964 494 3020 ille
507 2971 580 3019 erat.
591 2964 748 3020 Caeterum
761 2965 799 3019 de
811 2966 870 3020 bac*
878 2964 972 3020 Lainii
986 2965 1159 3021 lustratione
1170 2982 1222 3037 per
1233 2964 1335 3021 Italiae
1348 2964 1455 3037 oppida
1468 2962 1598 3019 videatur

376 3054 559 3125 PonaucuS,
575 3052 700 3118 chron„
714 3054 739 3125 1,
753 3067 815 3123 227.

430 3142 438 3174 ¹
477 3143 521 3197 Ex
532 3143 636 3199 codice
650 3144 766 3216 aegest.
782 3144 808 3207 Ῑ,
822 3142 872 3198 fol.
890 3141 966 3213 113r,
981 3161 1068 3199 manu
1078 3143 1111 3197 P.
1123 3144 1253 3199 Polanci.

430 3236 441 3267 ²
479 3231 559 3287 Nihil
572 3232 609 3286 de
622 3232 791 3303 hujusmodi
804 3232 1019 3288 turbationibus
1032 3232 1110 3304 apud
1127 3233 1285 3288 Polancum
1304 3230 1477 3305 reperimus,
1496 3228 1546 3284 ubi
1563 3228 1600 3283 de

377 3320 504 3391 collegio
516 3321 664 3392 patavino,
674 3322 724 3376 cui
733 3320 866 3393 Elpidius
878 3330 1021 3393 praeerat,
1037 3320 1148 3393 scribit,
1163 3338 1259 3394 neque
1268 3338 1335 3375 curn
1348 3320 1386 3376 de
1396 3318 1600 3376 rebusilomae

377 3409 471 3481 gestis
484 3408 650 3465 uberiorem
663 3410 859 3477 uenationem
871 3411 1013 3465 contexit:
1028 3410 1230 3466 existimamus
1243 3426 1314 3465 vero
1327 3412 1398 3465 haec
1411 3410 1503 3463 verba
1515 3406 1601 3461 refer·

378 3500 404 3554 ri
416 3498 453 3554 sd
466 3500 592 3567 morbos,
605 3499 713 3571 quibus
726 3500 825 3570 plures
837 3499 908 3554 socii
923 3500 1052 3571 patavini
1064 3509 1134 3555 tunc
1143 3500 1323 3571 laborabant,
1336 3498 1374 3553 de
1383 3514 1507 3571 quorum
1517 3510 1602 3550 causa

380 3575 497 3644 solliciti
507 3588 597 3643 nostri
611 3587 698 3643 valde
708 3597 801 3659 erant,
812 3595 845 3642 ut
855 3596 936 3659 patet
946 3605 983 3643 ex
993 3589 1101 3644 litteris
1111 3588 1234 3643 Patavio
1243 3588 1320 3644 datis
1331 3602 1361 3642 21
1374 3586 1514 3645 Octobris
1526 3595 1601 3653 1547.

380 3677 478 3750 Epist.
492 3678 618 3743 Mixtus,
631 3678 668 3745 V,
681 3679 745 3748 649.
759 3680 841 3733 Inter
854 3694 904 3733 eos
918 3686 1028 3751 tamen,
1041 3678 1092 3751 qui
1105 3679 1291 3752 erpatavino
1304 3676 1456 3747 «Collegio
1466 3677 1521 3731 hoc
1531 3686 1604 3729 anno

381 3766 495 3837 egressi
507 3780 586 3839 sunt,
600 3783 676 3822 unus
688 3766 745 3823 ruit
757 3768 794 3822 Ρ.
811 3766 958 3839 Elpidius,
970 3768 1022 3839 qui
1034 3766 1100 3823 aliis
1113 3767 1290 3840 praefuerat,
1305 3773 1335 3822 et
1354 3782 1407 3821 suo
1427 3768 1492 3820 loco
1505 3764 1539 3819 P.
1554 3762 1604 3817 Pe-

380 3862 459 3911 trum
472 3856 610 3927 Fabrum,
623 3856 776 3927 flandrum,
788 3874 825 3912 ex
839 3856 871 3911 Ρ.
882 3858 991 3927 Ignatii
1001 3857 1191 3929 praescripto,
1200 3854 1382 3928 superiorem
1392 3856 1540 3928 reliquit.»
1550 3852 1605 3908 Po·

381 3958 517 4013 Laneus
537 3946 663 4011 Chron„
682 3949 706 4016 1,
725 3946 787 4001 231.
808 3946 877 4016 Sed,
893 3960 1008 4001 mortuo
1025 3948 1131 4017 Fabro‚
1146 3964 1247 4001 mense
1266 3946 1361 4018 Aprili
1374 3944 1528 4017 sequentis
1539 3942 1606 3998 anni

382 4052 483 4091 rursus
504 4036 661 4106 Ugolettus
683 4036 829 4107 patavinis
851 4034 1017 4107 praefectus
1036 4043 1091 4091 est.
1113 4036 1294 4103 poraneus,
1320 4034 1444 4099 Chron„
1464 4034 1490 4106 1,
1510 4031 1608 4103 278.-

383 4124 541 4180 Caeterum
553 4123 632 4179 circa
649 4134 776 4196 tempus,
793 4141 852 4197 quo
870 4125 943 4180 baec
961 4123 1100 4180 schedula
1116 4123 1184 4179 data
1198 4132 1255 4195 est,
1269 4124 1339 4179 vide
1352 4124 1506 4195 epistolam
1525 4138 1608 4193 supe-

385 4229 503 4272 rrorem.
