3625 5400
376 436 429 508 392
746 435 955 492 uonmmrs
973 433 1155 490 latrum
1260 439 1265 444 ’

340 593 463 672 tribus,
482 600 519 655 vt
541 590 585 656 de
600 587 698 656 vobis
718 597 867 655 statuam
879 586 916 654 in
930 584 1072 654 Christo
1080 586 1189 673 Jhesu
1203 583 1296 669 quod
1311 582 1355 649 ad
1370 581 1561 662 seruitium,

338 719 377 775 et
393 705 537 795 gloriam
552 703 618 774 Dei
633 703 778 772 attinere
793 700 1040 772 existimemus.

410 824 480 888 lam
495 819 525 888 si
540 819 655 890 literas
671 818 801 886 anobis
816 829 887 884 tam
910 818 1032 916 crebro
1050 835 1122 882 nou
1143 813 1330 902 accipietis,
1346 831 1450 899 quam
1464 813 1565 881 vobis

342 938 445 1006 credo
465 936 656 1003 iucundum
674 935 775 1015 toret,
799 944 835 1018 et
862 953 925 1000 nos
946 953 966 999 a
985 931 1090 998 vobis
1114 941 1298 1017 expectare
1317 930 1493 1010 debemus,
1516 929 1565 996 nil

342 1052 503 1138 estquod
518 1049 695 1119 miremini.
719 1050 824 1136 Quod
845 1047 980 1117 tametsi
999 1047 1170 1133 conijcere
1189 1068 1252 1114 vos
1266 1045 1427 1126 arbitror,
1449 1057 1565 1115 tamen
1607 1118 1611 1126 ,

344 1169 462 1255 paucis
485 1167 641 1254 accipite.
661 1167 746 1234 Mihi
767 1177 862 1234 tanta
880 1166 988 1233 moles
1006 1163 1224 1251 negotiorum
1242 1162 1279 1228 in
1297 1162 1440 1231 Christo
1458 1165 1565 1251 Jhesu

342 1284 521 1364 incumbit,
540 1305 580 1350 ac
605 1281 790 1351 succrescit
816 1279 883 1348 din
899 1279 985 1362 dies,
1012 1291 1052 1346 vt
1073 1280 1132 1346 vix
1159 1280 1297 1347 tandem
1314 1278 1497 1364 aliquando
1511 1300 1567 1345 me

342 1401 513 1486 explicare
532 1399 671 1486 possim,
694 1408 732 1464 vt
759 1399 804 1465 ad
829 1397 1086 1465 rescribendum
1111 1395 1238 1482 quibus
1264 1394 1400 1481 plurimi
1425 1393 1567 1464 interest

342 1517 493 1582 animum
520 1514 692 1584 diuertere
718 1513 857 1600 possim.
882 1512 933 1580 lbi
959 1532 1042 1581 vero
1061 1510 1161 1597 quasi
1181 1510 1320 1598 agmine
1341 1520 1565 1588 concurrunt,

342 1630 467 1717 quibus
482 1641 534 1697 est
550 1631 826 1716 respondendum
840 1630 897 1695 vel
911 1627 1052 1695 omnino
1066 1627 1294 1694 scribendum.
1314 1627 1352 1692 ln
1365 1637 1417 1693 tot
1428 1625 1495 1692 iam
1510 1645 1566 1692 re-

339 1745 501 1833 gionibus
517 1755 678 1832 operatus
695 1757 747 1814 est
758 1744 896 1832 spiritus
910 1743 1054 1824 Christi,
1072 1743 1117 1810 ad
1128 1742 1400 1830 amplificandam
1412 1753 1564 1809 nostram

342 1855 540 1930 societatem
556 1861 600 1928 ad
616 1861 761 1948 gloriam
772 1859 920 1928 nominis
936 1859 1001 1928 sui.
1016 1859 1194 1928 Habemus
1205 1858 1298 1928 enim
1310 1860 1450 1925 Paduae
1461 1859 1561 1925 colle·

342 1977 441 2063 gium¹
454 1977 490 2042 in
506 1975 598 2062 quod
610 1976 733 2043 nobilis
748 1976 887 2062 quidam
900 1978 1056 2044 Venetus
1070 1977 1094 2009 ¹¹
1107 1973 1200 2041 mille
1215 1975 1359 2041 ducatos
1370 1973 1476 2040 annui
1488 1974 1565 2042 red-

340 2091 434 2158 ditus
454 2091 661 2177 designauit.
687 2092 839 2160 Tametsi
859 2113 921 2178 pro
939 2090 1013 2158 vita
1030 2111 1094 2157 sua
1109 2091 1245 2158 alantur
1259 2089 1328 2156 illic
1350 2089 1567 2157 duodecime

342 2205 479 2274 nostris.
498 2207 672 2274 Bononiae
683 2207 737 2274 his
753 2206 874 2276 diebus
890 2229 969 2294 spes
984 2207 1098 2292 aliqua
1112 2206 1232 2274 habita
1252 2216 1306 2273 est
1323 2205 1481 2293 erigendi
1495 2206 1568 2272 col-

339 2321 435 2409 legij.
459 2323 548 2390 Nam
568 2321 649 2391 illuc
672 2323 827 2391 misimus
854 2322 1058 2410 Magistrum
1081 2322 1288 2390 ieronimum
1314 2322 1481 2390 Dominae
1507 2321 1568 2409 qui

340 2459 419 2504 cum
436 2438 545 2506 tribus
560 2438 772 2506 scholasticis
787 2439 924 2512 interim
939 2441 1050 2507 alatur
1067 2440 1104 2506 ¹¹.
1123 2437 1278 2507 Tridenti
1294 2450 1470 2524 praeterea
1489 2457 1567 2524 spes

341 2574 434 2619 noua
450 2553 618 2638 quaedam
633 2553 762 2620 effulsit
777 2553 981 2624 instituendi
1000 2554 1198 2642 collegium,
1216 2554 1253 2619 in
1273 2553 1416 2640 gloriam
1437 2552 1568 2620 Christi

343 2667 534 2755 copiosum,
553 2689 594 2735 ac
608 2668 723 2740 nobile
734 2668 770 2737 in
786 2668 974 2739 Academia
990 2669 1200 2738 Parisiorum
1219 2672 1257 2753 ¹³,
1273 2668 1310 2735 in
1330 2689 1399 2755 qua
1418 2669 1485 2736 iam
1505 2667 1569 2737 ali—

343 2796 427 2870 quot
448 2806 467 2852 e
487 2784 615 2851 nostris
641 2786 820 2853 habemus.
851 2786 1030 2854 Valentiae
1049 2786 1085 2853 in
1110 2786 1276 2872 Hispania
1295 2785 1480 2873 collegium
1500 2784 1568 2851 iam

342 2899 542 2966 inchoatum
558 2911 612 2967 est
627 2912 730 2987 atque
745 2897 911 2989 assignati
927 2902 1080 2969 redditus
1097 2920 1162 2986 300
1175 2903 1379 2968 ducatorum
1391 2901 1450 2966 vbi
1465 2900 1568 2967 etiam

343 3014 398 3100 alij
422 3016 620 3083 scholastici
641 3016 747 3085 nostri
768 3018 914 3105 degunt.
936 3017 1073 3086 Gandie
1088 3017 1122 3082 in
1139 3017 1259 3087 eadem
1279 3016 1420 3103 regione
1440 3038 1460 3084 a
1479 3018 1569 3084 duce

340 3130 528 3218 collegium
545 3132 636 3199 aliud
652 3144 705 3202 est
716 3134 948 3219 designatum,
965 3154 1044 3200 cum
1058 3133 1195 3200 redditu
1211 3154 1328 3199 annuo
1344 3150 1409 3215 700
1424 3132 1567 3199 ducato·

344 3265 431 3313 rum.
452 3249 489 3313 ln
505 3248 651 3333 collegio
675 3249 906 3335 Portugalliae
934 3250 957 3293 ¹·⁸
974 3250 1017 3315 8o
1035 3270 1056 3315 e
1075 3249 1204 3315 nostris
1223 3250 1373 3316 aluntur.
1396 3248 1484 3314 Eum
1500 3267 1568 3312 nu·

345 3382 477 3429 merum
493 3364 567 3429 Rex
581 3362 760 3430 constituit
776 3385 916 3451 augere,
935 3375 973 3431 vt
984 3374 1123 3434 centum
1139 3363 1208 3430 sint
1222 3362 1427 3431 scholastici.
1443 3361 1569 3429 Etiam

399 3578 413 3619 d
433 3576 592 3631 succressit
604 3580 688 3633 arch.

355 3702 559 3711 ———---0

379 3764 398 3795 ¹¹
438 3763 572 3819 Andreas
586 3764 775 3836 Lipomanus,
789 3764 827 3820 de
839 3782 898 3839 quo
911 3765 942 3821 in
955 3766 1155 3838 superioribus
1165 3766 1309 3839 epistolis.

381 3852 402 3885 ¹²
441 3850 621 3923 Focaneus
641 3850 802 3921 Chron.,1,
821 3866 880 3924 175.

381 3940 403 3974 ¹³
440 3940 529 4011 Spem
542 3940 661 4012 collegii
674 3941 793 3997 Parisiis
806 3942 981 3998 instituendi
997 3941 1108 3998 iecerat
1121 3942 1289 3999 Gulielmus
1305 3944 1343 4000 de
1360 3944 1458 4013 Prato,
1479 3943 1570 3998 claro-

345 4036 501 4084 montanus
513 4030 648 4098 antisteS,
662 4031 712 4103 qui
730 4030 863 4087 Tridenti
879 4032 997 4087 Patrem
1015 4033 1123 4103 Jajum,
1141 4033 1184 4087 lbi
1200 4040 1377 4104 versantem,
1398 4032 1506 4087 deinde
1518 4032 1571 4087 Pa·

343 4126 405 4172 tres
418 4117 551 4174 Lainium
565 4130 596 4173 et
608 4118 810 4175 Salmeronem
828 4122 921 4192 novit,
941 4121 1114 4194 dilexitque.
1133 4120 1180 4177 Ci.
1202 4122 1385 4191 PouaucuS,
1407 4121 1532 4186 Chron„
1546 4122 1571 4191 l,

348 4204 409 4273 1823
423 4207 505 4277 Jajus
518 4207 555 4262 ad
568 4208 724 4281 Ignatium,
742 4222 775 4264 10
789 4209 897 4277 Martii,
914 4211 991 4280 1546,
1007 4210 1084 4282 apud
1097 4212 1219 4279 Romu,
1241 4211 1310 4265 Vita
1327 4212 1376 4266 dol
1389 4210 1463 4266 P...
1479 4211 1573 4266 Clau·
1608 4200 1611 4226 ¹

346 4294 397 4348 dio
411 4296 487 4359 laio,
500 4296 552 4351 lib.
564 4297 603 4367 11,
614 4314 641 4353 c.
658 4310 683 4368 1,
696 4309 727 4354 et
741 4298 851 4371 [Puer]
865 4300 1026 4355 Memoirar
1034 4304 1116 4371 pour
1128 4302 1226 4356 servir
1238 4302 1258 4356 ἁ
1271 4302 1294 4355 1’
1307 4302 1430 4355 histoire
1442 4302 1485 4355 du
1496 4302 1573 4357 Pare

348 4382 441 4437 Broet
450 4388 478 4439 et
486 4385 538 4439 das
547 4387 683 4458 origines
691 4389 728 4443 da
738 4388 770 4441 lo
782 4386 970 4462 Compagnie
978 4390 1015 4445 de
1021 4388 1113 4461 saur
1124 4406 1163 4445 aa
1175 4390 1304 4453 Franco,
1315 4390 1348 4445 P.
1362 4390 1400 4459 ll,
1411 4389 1463 4445 lib.
1477 4389 1514 4457 11,
1523 4387 1575 4444 ubi

343 4472 418 4525 haec
428 4472 491 4544 ipsa
504 4474 628 4546 epistola
641 4475 775 4546 affertur,
785 4493 853 4548 pag.
868 4477 931 4545 203,
951 4485 981 4534 et
991 4476 1108 4550 plenius
1123 4494 1200 4550 quae
1217 4477 1323 4533 adhoc
1336 4479 1491 4549 negotium
1508 4494 1575 4551 spe·

347 4565 429 4615 etant
442 4578 535 4634 usque
547 4562 585 4618 ad
595 4564 689 4636 ipsius
703 4566 920 4621 ahsolutionem
929 4562 1107 4622 referuntur‘.
