3625 5400
671 533 807 590 Norrrm
826 546 971 592 conrcuu
1336 582 1338 589 .
1362 538 1397 596 33

213 685 391 761 castigatas
401 684 529 745 librariis
539 687 800 748 exscribebantur.
811 687 899 746 Haec
911 688 1013 749 omnia
1024 689 1219 764 documenta,
1230 695 1336 766 paucis
1348 695 1433 754 dern-

213 783 273 857 ptis
285 799 362 856 quae
376 783 416 842 ad
431 783 461 842 S.
476 783 627 862 Ignatium
638 803 700 844 non
715 794 864 860 spectant,
875 805 893 846 a
906 787 997 845 nobis
1011 788 1041 845 in
1056 789 1115 846 hoc
1130 806 1224 864 opere
1233 791 1433 864 proferentur.

336 901 344 942 ⁸
740 933 852 1000 Codex
872 933 907 998 4.

270 1076 367 1164 Epist.
392 1077 642 1140 Polanci.—Vol.
661 1089 775 1158 0¹²²‚333
790 1083 970 1156 ><o¹=,218;
991 1087 1194 1161 compositum
1208 1094 1240 1146 et
1257 1086 1436 1146 membrana

213 1187 329 1254 atergo
343 1180 503 1237 munitum.
1309 1172 1313 1178 ’

273 1275 463 1350 Inscriptioa
482 1284 570 1352 tergo
591 1276 695 1335 litteris
719 1279 839 1336 auratis:
865 1277 1118 1339 «EPISTOLAE
1135 1281 1141 1359 Ι
1158 1281 1189 1341 Ρ.
1212 1279 1395 1342 POLANCI
1414 1283 1419 1358 Ι

213 1387 256 1429 ss
271 1387 357 1431 nuso
376 1384 451 1446 1542
465 1389 508 1432 nn
527 1374 631 1449 1576.»
915 1367 918 1372 ’
1375 1377 1378 1382 ’

273 1470 472 1530 Documentis
490 1472 555 1543 165,
569 1471 639 1530 stilo
652 1473 774 1565 lapideo
788 1482 928 1533 recentes
942 1474 1078 1552 signatis,
1092 1476 1244 1536 coalescit

275 1567 417 1628 Continet
430 1569 575 1644 epistolas
588 1573 804 1648 autographas,
816 1573 997 1648 archetypas
1007 1581 1038 1631 et
1050 1577 1245 1650 apographas
1259 1575 1291 1634 P.
1304 1576 1437 1633 Polanci.

212 1666 287 1724 Pars
300 1683 404 1725 earum
418 1669 541 1743 proprio
555 1669 688 1740 nomine,
700 1687 770 1743 pars
783 1686 825 1727 ex
836 1671 1051 1730 commissione
1062 1680 1193 1745 quatuor
1203 1673 1337 1747 priorum
1350 1691 1438 1748 prae-

215 1765 383 1838 positorum
397 1765 583 1851 generalium
598 1765 758 1825 Societatis
771 1767 902 1841 scriptae
917 1768 1047 1828 luerunt

747 1915 861 1982 Codex
882 1919 917 1982 5.

279 2060 348 2120 cod.
362 2059 578 2124 ‚Vitat-Vol.
592 2064 710 2138 0¹³,336
721 2073 761 2126 ><
775 2071 901 2140 0¹²,2223
916 2065 1120 2139 compositum
1134 2072 1166 2122 et
1177 2072 1293 2142 atergo
1303 2074 1334 2123 et
1345 2066 1375 2122 in
1386 2083 1440 2123 an·
1458 2048 1462 2056 ’

214 2161 295 2238 gulis
310 2161 488 2235 operimenti
504 2159 680 2220 membrana
694 2147 851 2221 munitum.

278 2257 438 2332 Inscriptio
453 2275 471 2315 a
484 2266 582 2335 tergo,
601 2259 631 2316 in
649 2266 765 2317 tessera
782 2258 911 2334 adjecta:
928 2259 1101 2335 «Epistulae
1120 2260 1124 2336 Ι
1142 2259 1172 2319 8.
1192 2259 1225 2318 P.
1244 2260 1380 2338 Ignatii.»
1402 2261 1441 2318 Et

215 2355 343 2414 inferius
361 2373 453 2430 supra
467 2354 684 2416 membranam:
706 2354 836 2426 «Codex
855 2356 859 2433 Ι
877 2355 1082 2416 Vitelleschi.»

277 2454 470 2512 Documenta
482 2467 541 2526 354
552 2455 696 2526 continet,
707 2455 776 2513 stilo
790 2454 913 2529 lapideo
925 2456 1014 2533 nigro
1028 2457 1155 2533 signata,
1166 2455 1279 2530 quibus
1291 2457 1443 2518 accedunt

214 2553 277 2610 alia
291 2569 348 2610 sex
362 2553 548 2611 documenta
563 2553 670 2612 soluta.

239 2685 244 2696 ·
279 2649 423 2718 Continet
436 2652 600 2726 praecipue
619 2655 797 2730 apographa
816 2653 1012 2729 epistolarum
1031 2651 1060 2711 S.
1080 2652 1198 2729 Ignatii,
1213 2669 1255 2711 ex
1268 2652 1359 2711 variis
1373 2669 1444 2727 pro·
1514 2695 1518 2701 -

210 2751 327 2808 -vinciis
341 2750 509 2822 Societatis,
517 2752 605 2825 jussu
616 2751 648 2810 P.
660 2752 746 2811 Mutii
757 2751 943 2824 Vitelleschi,
954 2752 1085 2810 Romam
1093 2753 1194 2809 missa.
1206 2750 1294 2809 Haec
1305 2752 1444 2811 collectio

215 2850 248 2906 in
270 2857 400 2921 quatuor
414 2858 516 2923 partes
534 2850 697 2909 commode
722 2852 854 2926 dispesci
878 2858 988 2925 potest:
1013 2850 1114 2909 Prima
1134 2850 1270 2908 continet
1289 2850 1445 2924 praedicta

217 2948 399 3023 apographa
414 2965 484 3005 cum
498 2950 691 3006 attestatione
705 2966 796 3009 curse
816 2948 971 3007 adhibitae
990 2949 1020 3006 in
1039 2948 1175 3023 epistolis
1188 2966 1229 3005 ex
1249 2947 1446 3024 originalibus

218 3046 440 3104 describendis.
460 3045 623 3104 Accedunt
641 3048 793 3107 interdum
810 3048 936 3105 notitiae
955 3046 1057 3104 variae
1075 3046 1212 3105 locorum
1232 3045 1281 3102 vel
1300 3062 1447 3119 persona-

217 3161 298 3213 rum,
313 3160 408 3217 penes
426 3160 503 3217 quas
522 3146 712 3220 autographa
730 3146 779 3202 vel
793 3145 959 3220 archetypa
973 3144 1163 3202 exstitemnt.
1178 3142 1321 3201 Secunda
1335 3161 1377 3201 ex
1391 3142 1446 3200 ad-

217 3242 361 3299 versariis
375 3242 570 3315 epistolarum
584 3242 683 3301 italice
693 3259 849 3303 versurum
863 3242 1016 3302 coalescit.
1028 3240 1132 3300 Tertia
1146 3240 1300 3315 epistolas,
1309 3258 1351 3299 ex
1365 3240 1448 3299 libris

218 3338 311 3397 editis
325 3348 539 3415 transumptas,
549 3342 693 3400 continet.
705 3340 821 3415 Quarta
836 3340 960 3399 Polanci
974 3348 1005 3397 et
1019 3342 1086 3415 ejus
1100 3338 1288 3399 librariorum
1302 3340 1447 3397 adversa·

217 3438 273 3495 riis
287 3446 414 3497 constat.
429 3438 744 3497 Animadvertendum
759 3446 815 3511 est,
829 3456 870 3495 ex
882 3449 941 3515 354
954 3438 1147 3497 documentis
1160 3456 1252 3512 supra
1262 3438 1447 3506 memoratis,

220 3536 309 3610 plura
328 3552 346 3593 a
366 3536 493 3595 diversis
512 3545 637 3595 exarata
655 3537 782 3612 repetita
796 3537 933 3608 iuveniri;
953 3538 1036 3594 unde
1054 3536 1140 3595 litut
1163 3542 1282 3595 tanturn
1300 3536 1360 3611 236
1382 3552 1448 3591 mo-

220 3642 368 3693 numenta
382 3636 504 3710 proprie
518 3635 639 3693 diversa
648 3635 825 3695 habeantur.

283 3732 342 3791 iiic
362 3733 464 3791 codex
483 3735 584 3810 magni
605 3735 789 3806 aestimatur,
804 3732 906 3807 plures
920 3734 1002 3791 enim
1015 3732 1162 3807 epistolae
1176 3732 1348 3811 originales,
1361 3732 1449 3805 lapsu

219 3832 373 3906 temporis·
383 3840 593 3905 consumptae,
604 3833 653 3889 vel
668 3831 820 3907 religionis
834 3848 908 3907 ergo
923 3831 1086 3903 mutilatae,
1101 3848 1142 3889 ex
1157 3832 1241 3889 hisce
1255 3831 1449 3907 apographis,

220 3930 298 3988 dum
318 3930 383 3988 illae
403 3926 537 4007 integrae
555 3930 784 4005 reperiebantur
806 3930 986 4004 desumptis,
1009 3931 1039 3988 in
1064 3930 1220 4004 pristinam
1244 3929 1472 4005 integritatem„

220 4030 338 4088 restitui
353 4038 526 4103 potuerunt.

754 4180 867 4245 codex
884 4181 918 4244 6.

288 4328 358 4386 (hd.
374 4327 459 4385 Ronr.
476 4326 631 4386 ll.-Vol.
646 4328 813 4399 om,360><
823 4336 950 4399 om,24o;
965 4326 1120 4401 eleganter
1141 4325 1248 4399 paucis
1266 4324 1377 4382 abhinc
1392 4341 1447 4380 an-

221 4429 271 4485 nis
286 4428 383 4485 serico
399 4428 588 4500 operimento
604 4426 816 4499 compositum,
825 4427 904 4483 intus
919 4432 1022 4483 autem
1036 4424 1132 4481 serica
1145 4424 1206 4480 tela
1217 4430 1406 4497 coopertum.

284 4526 404 4583 Nullam
420 4526 556 4591 exterius
570 4525 797 4597 inscriptionem
809 4523 944 4581 exhibet.
961 4523 1046 4580 Intus
1055 4531 1159 4581 autem
1169 4523 1200 4579 in
1211 4522 1305 4579 altero
1317 4538 1359 4578 ex
1369 4520 1448 4577 duo-

219 4625 282 4682 bus
311 4624 399 4695 soliis,
422 4630 562 4682 recenter
586 4640 604 4679 a
629 4622 842 4696 compositore¹
859 4621 1001 4695 adjectis,
1026 4622 1102 4678 haec
1131 4619 1261 4678 habetur
1284 4619 1448 4692 inscriptio:

217 4722 313 4799 «JHS
331 4723 336 4798 l
354 4720 546 4781 Documenta
571 4724 654 4780 varia
670 4721 677 4797 Ι
696 4720 841 4779 Sanctum
870 4720 1030 4807 Parentem
1049 4719 1199 4795 ignatium
1217 4718 1222 4794 Ι
1240 4719 1368 4792 ejusque
1392 4715 1450 4775 So·

358 4853 461 4899 Μοιυι.
475 4852 691 4909 lesan-Erue,
706 4864 763 4898 rou.
778 4854 798 4897 1.
1055 4902 1058 4905 ,
1299 4850 1314 4900 3
