3625 5400
276 359 279 365 ·
341 348 395 419 488
717 352 925 408 Mortuum
944 351 1125 411 Iouarraun

372 506 404 569 A
421 511 528 591 tergo.
550 506 573 590 †
590 505 757 573 Memoria
772 506 816 572 de
832 509 935 573 Mtro,
953 507 1105 593 Ignacio,
1124 529 1191 592 que
1208 508 1298 576 lleuo
1313 509 1345 574 el
1360 509 1415 576 Sr.
1439 509 1532 575 Mar·

309 619 414 702 quina
429 641 511 705 para
527 620 664 721 Espaila
682 621 718 686 ¹¹.

887 769 952 848 165

588 897 728 965 PATRI
752 885 981 966 M1CHAi3L1
1005 899 1247 967 TURRIANO

748 1024 836 1067 noun
855 1010 961 1079 3nn11
982 1025 1050 1082 1547
1070 1013 1089 1068 ¹.

377 1096 519 1183 Explicat
532 1111 675 1183 {gnatius
686 1126 745 1180 quo
757 1111 880 1164 tandem
889 1113 980 1182 pacto
997 1127 1090 1166 causa
1102 1129 1170 1166 mim
1184 1109 1357 1166 Elisabeiha
1371 1111 1465 1166 Roser

835 1198 933 1270 finita
951 1200 1000 1254 sii.

377 1319 426 1384 La
442 1337 576 1383 summa
591 1327 658 1382 etc.

376 1434 511 1518 Porque
533 1453 588 1499 me
608 1431 778 1516 persuado
797 1451 863 1515 que
884 1433 930 1499 V.
953 1432 1021 1497 md.
1047 1433 1153 1498 habri
1172 1432 1285 1518 plazer
1304 1454 1347 1499 en
1371 1433 1402 1499 el
1423 1433 1534 1501 Senor

309 1560 448 1615 nuestro
464 1548 507 1613 de
523 1547 689 1613 entender
705 1547 736 1614 el
751 1566 912 1612 successo
928 1567 951 1630 y
966 1547 1014 1611 fin
1039 1567 1106 1631 que
1126 1549 1170 1612 ha
1190 1549 1295 1632 seydo
1316 1559 1411 1615 entre
1435 1568 1534 1613 anos-

308 1675 419 1730 otros»
438 1675 452 1703 ²
467 1686 489 1748 y
506 1665 537 1730 la
552 1663 626 1731 Sra.
646 1663 753 1730 Roser
769 1660 794 1741 b,
813 1683 949 1747 avnque
965 1663 1021 1728 del
1038 1663 1122 1729 fatto
1138 1673 1151 1704 0
1166 1664 1209 1730 de
1225 1665 1275 1729 las
1290 1684 1389 1729 cosas
1405 1684 1451 1728 no
1467 1665 1533 1746 hay

360 1903 375 1930 ι
418 1887 477 1940 Vox
490 1893 624 1940 nosotros
636 1885 745 1957 addita
756 1888 798 1939 esi
811 1885 845 1938 in
856 1885 1000 1956 margine
1013 1901 1109 1938 manu
1123 1885 1153 1940 S.
1172 1885 1301 1958 Ignatii,
1316 1888 1374 1956 pro
1393 1885 1433 1939 M.
1451 1886 1533 1956 lgna-

308 1975 364 2046 tio,
374 1975 454 2046 quod
468 1975 595 2028 habetur
610 1974 645 2028 in
662 1977 744 2028 textu
762 1973 844 2028 linea
859 1973 1016 2028 subducta.
1055 1975 1104 2017 -b
1126 1973 1199 2029 Luco
1212 1975 1535 2045 praesentissimos

307 2065 423 2138 legitur
435 2066 469 2117 in
481 2063 615 2135 exemplo
628 2061 814 2116 Manchacue:
830 2061 871 2116 La
883 2079 967 2116 suma
979 2065 1077 2132 gracia
1090 2081 1110 2134 y
1127 2079 1207 2118 amor
1219 2071 1321 2118 eterno
1333 2063 1370 2118 de
1383 2063 1435 2117 X.⁰
1448 2079 1533 2117 nues-

309 2161 354 2206 tro
376 2157 464 2207 senor
486 2167 536 2206 sea
554 2151 682 2222 siempre
699 2167 735 2204 en
757 2159 878 2204 nuestro
894 2149 1035 2205 continuo
1052 2150 1136 2206 favor
1152 2167 1172 2221 y
1189 2151 1294 2224 ayuda.
1314 2152 1340 2206 Y
1362 2151 1459 2222 [deest
1479 2152 1533 2206 hoc

307 2239 431 2297 verbum
454 2241 484 2296 in
500 2241 564 2296 cod.
584 2238 700 2310 Poris]
718 2255 828 2310 porque
844 2238 945 2310 podria
963 2257 1010 2294 ser
1031 2256 1089 2312 que
1111 2241 1138 2296 el
1160 2257 1272 2296 mesmo
1294 2240 1430 2311 enemigo
1447 2240 1485 2296 de
1506 2241 1533 2295 la

307 2337 412 2386 natura
426 2331 562 2395 humana,
575 2343 658 2382 como
669 2329 736 2399 aqui
749 2329 877 2394 sembro,
890 2330 950 2382 assi
966 2328 1097 2383 tambien
1115 2345 1152 2384 en
1169 2346 1220 2383 esa
1237 2329 1326 2384 tierra
1344 2329 1446 2384 ubiese
1459 2345 1533 2384 sem-

311 2419 401 2475 brado
411 2437 445 2473 su
455 2418 557 2474 zizana
566 2426 675 2490 quanto
684 2420 701 2472 a
711 2419 754 2472 las
764 2433 848 2472 cosas
858 2416 895 2471 de
906 2427 989 2472 entre
999 2419 1027 2473 la
1037 2423 1140 2473 seiiora
1153 2419 1246 2473 Roser
1258 2435 1314 2473 con
1324 2417 1447 2490 [uRoser
1460 2435 1493 2471 e»
1505 2418 1535 2472 in

308 2511 371 2563 cod.
388 2508 504 2578 Paris]
516 2515 662 2573 nosotros‚
673 2507 829 2562 escriviros
842 2507 879 2561 he
892 2509 920 2561 el
934 2523 1048 2574 suceso‚
1064 2505 1327 2579 persuadiendome
1337 2523 1394 2580 que
1409 2509 1536 2578 olgareis

309 2597 346 2651 de
359 2598 485 2652 saberle.
525 2610 572 2638 -0
592 2595 642 2651 Sic
653 2596 688 2650 in
700 2613 768 2660 ms,
781 2597 833 2651 sed
844 2600 887 2650 est
899 2595 1007 2651 italica
1019 2614 1090 2651 vox:
1104 2597 1256 2668 hispanice
1268 2597 1384 2652 dicitur
1396 2597 1499 2653 hecho.

356 2795 377 2828 ¹¹
414 2793 481 2849 Non
493 2792 667 2863 designatur
678 2792 846 2865 scriptionis
859 2801 987 2865 tempus,
1001 2793 1053 2849 sed
1066 2793 1231 2864 colligimus
1244 2794 1296 2849 has
1314 2800 1398 2849 notas
1412 2792 1536 2865 scriptas

309 2899 376 2937 esse
394 2881 516 2937 ineunte
533 2882 619 2953 Majo,
639 2880 784 2955 siquidem
803 2894 835 2950 15
852 2881 986 2951 ejusdem
1006 2882 1116 2937 mensis
1134 2898 1184 2936 eas
1203 2881 1354 2954 Marquina
1373 2880 1536 2937 florentinis

309 2970 397 3025 sociis
408 2971 472 3042 ,jam
485 2969 655 3026 tradiderat.
671 2970 743 3025 Liti.
759 2971 938 3041 Quadrim.,
953 2971 976 3042 l,
989 2968 1034 3040 37.
1053 2972 1188 3026 Exeunte
1201 2987 1273 3025 vero
1285 2971 1386 3043 Junio,
1401 2988 1472 3044 quas
1485 2989 1534 3026 no-

307 3070 353 3115 tas
369 3060 407 3115 ad
425 3060 582 3115 Araozium
599 3060 724 3132 ferebat,
744 3077 795 3115 eas
812 3059 1072 3131 Caesaraugustae¹
1083 3059 1202 3132 reliquit
1220 3060 1317 3115 eidem
1337 3059 1534 3117 transmitten-

306 3150 369 3221 das,
384 3149 483 3222 Epist.
499 3149 625 3215 Mistea,
639 3150 662 3218 1,
682 3148 745 3205 388.
764 3150 853 3205 Porro
871 3149 1023 3221 Marquina
1039 3166 1056 3203 a
1076 3148 1272 3205 Ribadeneira
1284 3158 1406 3207 vocatur
1418 3150 1534 3217 Petrus,

306 3239 464 3293 eanonicus
476 3237 663 3308 conchensis,
674 3238 744 3294 olim
757 3238 863 3309 Joanni
876 3237 914 3292 de
928 3238 1011 3314 vega
1023 3255 1040 3293 a
1053 3238 1184 3311 secretis,
1197 3237 1274 3293 idem
1286 3238 1336 3311 qui
1348 3247 1451 3311 postea
1461 3238 1535 3294 Con·

307 3330 379 3383 chae
393 3326 550 3383 Societatis
563 3326 722 3397 collegium
734 3326 875 3383 condidit.
891 3326 989 3399 Epist.
1004 3326 1128 3391 Mixtus,
1143 3328 1200 3401 lpc.
1213 3326 1277 3399 cit,
1287 3336 1387 3383 annot.
1402 3340 1428 3381 2.

364 3417 371 3448 ¹
410 3416 455 3470 Ex
476 3417 540 3472 cod.
560 3416 647 3485 lions.
667 3417 698 3480 I,
721 3416 833 3471 archet.
851 3429 868 3469 2
885 3414 930 3484 a,
949 3432 979 3471 n.
998 3416 1046 3487 Ll,
1066 3415 1147 3487 prius
1164 3430 1199 3485 90
1216 3424 1247 3470 et
1263 3428 1308 3487 91.
1333 3413 1423 3471 Aliud
1440 3422 1537 3469 exstat

306 3506 416 3559 archet.
431 3504 461 3561 in
478 3506 542 3560 cod.
563 3505 673 3571 Vitell„
689 3522 719 3559 n.
735 3516 797 3574 119,
815 3504 893 3577 quod
906 3503 1103 3565 videturesse
1121 3506 1271 3577 exemplar
1284 3504 1427 3577 epistolae
1444 3501 1537 3559 nitide

307 3603 469 3663 exaratum
493 3594 522 3649 in
541 3594 591 3649 illo
615 3594 694 3649 enim
715 3610 819 3649 omnes
836 3593 1071 3665 emendationes,
1089 3610 1161 3666 quas
1179 3594 1209 3649 in
1227 3593 1403 3649 adversariis
1420 3593 1538 3667 scripsit

308 3684 338 3737 S.
351 3683 494 3753 ignatius,
506 3682 701 3754 reperiuntur:
713 3694 865 3753 praeterea
874 3699 979 3738 manus
989 3680 1020 3737 S.
1032 3682 1140 3753 Ignatii
1154 3682 1200 3737 bis
1213 3690 1344 3755 apparet3
1357 3683 1494 3754 primum,
1508 3681 1538 3737 in

308 3772 405 3826 medio
415 3770 569 3842 epistolae,
580 3769 631 3825 ubi
641 3770 754 3826 addidit
764 3772 888 3826 verbum
898 3788 915 3824 a
926 3770 1046 3825 librario
1056 3771 1207 3839 omissum3
1217 3770 1358 3838 secundo,
1367 3771 1397 3826 in
1406 3770 1477 3841 fine,
1487 3770 1538 3825 ubi

307 3862 405 3915 locum
415 3868 446 3914 et
458 3868 575 3932 tempus
585 3859 752 3931 scriptionis
762 3860 905 3931 epistolae
917 3858 1046 3931 scripsit,
1057 3869 1088 3915 et
1100 3858 1222 3915 forsitan
1232 3858 1321 3914 etiam
1334 3876 1442 3915 nomen
1452 3874 1537 3914 suurn

306 3950 494 4021 subscripsit,
505 3967 573 4005 nam
586 3951 687 4005 charta
698 3949 814 4005 abscisa
822 3950 878 4005 hoc
889 3949 1021 4005 indicare
1031 3948 1157 4005 videtur.
1169 3950 1279 4017 Verba,
1290 3950 1322 4005 S.
1334 3948 1441 4020 Ignatii
1451 3966 1538 4005 manu

308 4048 438 4107 exarata,
449 4038 526 4093 inter
539 4040 669 4109 virgulas
681 4036 866 4107 clauduntur3
878 4038 995 4110 quando
1007 4047 1106 4093 autem
1120 4039 1199 4093 nulla
1212 4037 1368 4094 adhibetur
1377 4038 1538 4105 annotatio,

309 4127 444 4197 intellige
457 4128 623 4199 hujusmodi
636 4129 738 4198 verba,
751 4129 831 4183 nulla
843 4127 900 4183 alia
914 4126 1119 4183 emendatione
1133 4126 1220 4197 iacta,
1234 4144 1251 4181 a
1270 4126 1302 4181 S.
1316 4126 1430 4197 &natio
1442 4126 1540 4183 addita

306 4215 413 4274 inisse.
429 4216 585 4271 Praeterea
599 4216 734 4271 mutilum
745 4218 915 4288 exemplum
928 4218 1053 4272 habetur
1066 4216 1096 4271 in
1113 4218 1176 4272 cod.
1192 4216 1307 4281 Poris„
1322 4234 1352 4271 n.
1370 4215 1417 4287 66,
1430 4214 1480 4272 iol.
1494 4230 1540 4287 903

312 4314 345 4359 et
358 4304 438 4359 aliud
456 4305 533 4360 inter
550 4304 659 4377 scripta
676 4306 710 4360 P.
730 4305 917 4362 Manchacae.
937 4306 1189 4376 Caesaraugustae
1207 4290 1307 4375 etiam,
1324 4304 1356 4359 in
1372 4304 1540 4373 seminario,

307 4394 389 4467 quod
411 4393 506 4448 iuerat
529 4394 779 4465 olim-collegium
801 4394 975 4467 Societatis‚
997 4394 1195 4466 fragmentum
1216 4392 1367 4465 originalis
1389 4392 1542 4465 epistolae,

314 4481 399 4537 valde
411 4482 530 4555 quidem
543 4482 686 4551 attritum,
702 4499 778 4539 anno
793 4483 872 4555 tim,
885 4483 1047 4539 secundum
1061 4482 1189 4539 editores
1200 4482 1398 4550 matritenses,
1410 4496 1541 4537 asserva·

312 4574 412 4628 batur:
428 4570 500 4626 illud
512 4580 610 4627 autem
623 4571 726 4626 videre
738 4571 824 4628 nobis
836 4588 894 4628 non
907 4571 1161 4637 henin-Corios,
1176 4590 1209 4629 n.
1226 4570 1288 4629 CV.
