3625 5400
590 498 694 554 Eersr.
716 496 833 568 253.-7
854 499 1029 555 Feonunrnr
1049 497 1119 568 1548
1380 512 1434 569 709

300 660 351 733 4²
396 650 434 719 S’
452 649 471 717 ὲ
486 648 642 736 disposto
659 651 746 717 oltra
762 650 797 717 di
813 652 896 731 fare,
912 670 973 738 per
988 650 1121 737 riputar
1131 651 1360 738 quatsiuo‘glia
1372 662 1469 738 parte

227 764 281 852 gli
296 765 347 832 sia
362 765 564 833 dimostrata
579 770 642 852 per'
657 767 689 833 la
713 766 890 853 megliore,
909 768 1180 835 sottomettendo
1199 768 1230 834 al
1253 766 1360 853 giogo
1379 768 1468 835 della

233 880 422 948 obidientia
438 893 548 960 santa,
568 902 636 949 non
654 883 842 950 solamente
857 883 891 948 la
908 882 1136 965 essecutione‚
1155 904 1211 951 rna
1226 882 1331 951 etiarn
1349 881 1373 947 il
1388 884 1467 969 giu·
1540 904 1545 914 ¹

226 996 320 1063 dicio
337 995 476 1083 proprio
492 1008 527 1065 et
542 998 694 1077 volontri,
709 997 891 1083 riputando
903 999 1017 1085 quella
1032 1009 1128 1085 parte
1143 1020 1253 1086 perse
1265 999 1324 1085 piu
1336 1018 1481 1094 conoe-¹

231 1112 360 1193 niente,
379 1124 414 1180 et
430 1113 693 1182 contentandosi
709 1124 743 1183 et
759 1114 999 1182 consolandosi
1015 1114 1050 1181 di
1066 1116 1192 1200 quella,
1207 1117 1273 1183 che
1289 1113 1466 1201 giudicara

228 1226 257 1294 il
284 1228 459 1315 superiore
479 1250 543 1296 suo
569 1248 683 1298 essere
704 1228 761 1315 pib
786 1230 966 1316 spediente
985 1250 1048 1317 per
1067 1229 1092 1296 it
1112 1230 1314 1317 particolare
1335 1241 1369 1299 et
1388 1230 1465 1295 vni·

233 1346 366 1412 uersale
386 1346 486 1425 bene,
504 1346 740 1413 dimostrando
755 1347 884 1414 hauere
899 1348 990 1427 fede,
1009 1346 1122 1415 chela
1140 1346 1258 1413 diuina
1279 1345 1466 1432 prouiden-

233 1458 278 1527 tia
302 1462 324 1525 l’
347 1461 474 1528 habbia
494 1462 539 1529 da
559 1484 680 1549 regere
708 1473 743 1529 et
770 1484 964 1549 gouernare
991 1486 1052 1549 per
1075 1483 1193 1530 mezzo
1212 1463 1269 1531 del
1289 1462 1466 1549 superiore

227 1596 307 1657 suo,
325 1586 394 1647 etc.
449 1619 464 1661 χ

297 1810 382 1879 sum
399 1822 541 1896 paratus
557 1810 673 1877 omnia
687 1809 884 1897 supradicta
900 1830 980 1876 curn
1001 1810 1066 1878 Dei
1082 1808 1195 1896 gratia
1214 1809 1362 1878 libenter
1382 1830 1464 1877 exe-

225 1924 300 2010 qui,
319 1926 534 2008 affirmando,
552 1926 727 2013 negando,
745 1924 992 2006 indifferenter,
1007 1946 1127 1993 omnes
1142 1936 1270 2011 parteS,
1284 1922 1386 2011 pr'ovt
1403 1937 1464 1991 tua

228 2040 414 2127 paternitas
426 2041 440 2127 j
445 2040 636 2109 udieauerit
651 2053 686 2107 et
701 2041 859 2109 voluerit.
875 2042 1073 2126 iterumque
1090 2062 1166 2108 mea
1182 2052 1263 2107 vota
1279 2052 1461 2127 pauperta-

226 2156 285 2238 ris,
299 2156 467 2223 castitatis
483 2166 517 2225 et
533 2156 750 2225 obedientiae
767 2156 827 2223 tibi
844 2156 1011 2243 superiori
1028 2178 1105 2224 meo
1119 2158 1238 2225 offero.

295 2274 427 2341 Seruus
443 2286 477 2341 et
492 2270 584 2339 filius
601 2284 682 2339 tuus
698 2272 734 2339 in
751 2272 903 2339 Christo.

798 2390 962 2477 Jncouns
986 2389 1084 2457 Sasu
1105 2390 1130 2467 ³,
1155 2388 1372 2474 publicanus.

293 2506 325 2569 A
342 2510 452 2591 tergo.
475 2506 528 2572 De
545 2502 752 2572 obedientia.
772 2506 842 2571 Los
858 2514 986 2590 puntos
1002 2504 1059 2570 del
1076 2506 1116 2570 P.
1137 2502 1283 2589 Ignatio.

293 2600 1024 2706 Potancimanu.SobretaydaaSicitia.
1278 2606 1282 2618 '

292 2735 376 2800 Alia
391 2757 512 2802 mauu.
537 2738 633 2820 1548.
653 2739 773 2804 Roma.
793 2751 836 2819 27
853 2737 939 2804 Feb.
1049 2815 1054 2829 ι

293 2852 385 2917 Alia.
405 2853 527 2939 Capita
539 2853 707 2938 quaedam
721 2875 741 2920 a
753 2854 790 2920 S.
807 2852 941 2938 ignatio
953 2851 1080 2918 nostris
1093 2850 1268 2938 proposita
1283 2851 1326 2916 ad
1343 2851 1462 2937 explo-

224 2951 366 3033 randam
383 2965 518 3034 illorum
535 2968 780 3037 obedientiam.

291 3083 336 3147 Et
352 3083 436 3152 alia.
450 3085 593 3172 Jacomo
610 3085 777 3170 Spagnol.

808 3221 885 3302 253

269 3349 437 3417 PATER
469 3352 713 3439 JOANNES
748 3353 815 3418 DE
851 3349 1108 3418 POLANCO
1143 3350 1210 3416 EX
1244 3349 1413 3416 COMM.

355 3465 413 3520 ΡΡ.
435 3465 655 3552 LEQNARDO
676 3465 867 3524 KESSELIO
887 3467 937 3520 ET
958 3463 1141 3524 ADRIANO
1163 3463 1333 3519 ADRtANl

622 3577 711 3644 noun
730 3577 747 3634 7
767 3577 939 3621 raanunnn
959 3563 1029 3633 1548
1048 3564 1068 3617 ¹.

221 3664 413 3719 Litterarum
434 3661 692 3736 intercapedinem
714 3661 937 3719 accusat-De
958 3651 1126 3717 sacerdotio
1148 3661 1295 3716 Adriani:
1318 3659 1468 3733 [gnatius-

274 3754 405 3808 arbitrio
417 3751 505 3807 iltius
518 3752 666 3824 relinquit
685 3757 727 3817 ut,
742 3771 775 3806 re
790 3753 880 3824 prius
898 3751 963 3806 Deo
980 3751 1202 3814 commendata,
1218 3765 1320 3804 sacros
1337 3747 1459 3803 ordines
1495 3823 1499 3829 .

275 3842 433 3915 suscipiat,
447 3847 621 3924 auteorum
632 3843 851 3915 susceptionem
864 3843 899 3897 in
912 3841 1001 3896 uliud
1014 3844 1131 3912 tempus
1144 3839 1346 3894 transmittat.

801 3973 879 4080 nis

287 4129 408 4196 Gratia
424 4128 522 4195 vobis
538 4139 572 4195 et
588 4151 655 4215 pax
672 4150 691 4192 a
709 4131 784 4194 Deo
799 4137 897 4213 patre
915 4139 1032 4208 nostro
1048 4136 1083 4192 et
1100 4125 1239 4192 domino
1251 4126 1335 4213 Jesu
1353 4125 1415 4190 X.⁰

288 4244 489 4311 Charissimi
505 4244 542 4310 in
558 4246 623 4312 X.⁰
640 4243 779 4310 domino
796 4244 931 4312 fratres
951 4244 1061 4310 Rarae
1081 4241 1166 4308 satis
1182 4242 1226 4307 ad
1242 4262 1306 4307 nos
1325 4239 1459 4306 litterae

221 4383 421 4396 ————.

274 4457 285 4489 ³
324 4459 470 4528 «Jacobus
492 4457 589 4529 Speg,
612 4457 924 4528 caesaraugustanus,
946 4454 1105 4510 Societetis
1132 4454 1336 4509 scholasticus.
1345 4471 1359 4504 n
1384 4451 1466 4516 Lm.

220 4545 402 4616 Quadrim„
417 4547 441 4614 1,
455 4545 500 4614 35,
515 4555 615 4602 annot.
631 4559 658 4600 2.

276 4637 284 4670 ¹
322 4636 366 4692 Ex
380 4638 561 4707 autographo
574 4636 604 4691 in
617 4637 681 4692 cod.
698 4633 802 4690 Coton.
817 4633 842 4699 t,
856 4633 907 4689 fot.
925 4647 967 4688 12.
982 4633 1055 4688 Eam
1067 4632 1162 4688 edidit
1174 4633 1321 4702 Hausisti,
1331 4647 1378 4703 op.
1393 4630 1458 4699 eit„

220 4741 304 4796 pags.
320 4737 372 4781 110
385 4733 416 4781 et
432 4738 492 4780 111.
