3625 5400
566 494 669 551 Errsr.
690 482 1029 549 231.-22Novruna1s
1049 503 1117 561 1547

296 646 426 715 Seruus
442 645 477 712 in
494 645 558 713 Χ.0
569 650 665 736 Jesu.
684 648 735 713 Ex
750 644 988 713 commissione
1004 645 1045 711 P.
1063 642 1199 730 Ignatii,

847 763 1011 849 Joaunss
1027 779 1076 827 nr
1088 750 1271 829 Potrnco.

1241 876 1268 941 Ι.

295 994 478 1079 Inscriptio
494 1015 601 1059 rnanu
619 996 663 1063 P.
681 994 838 1060 Polanci.
857 992 880 1080 †
896 993 983 1059 Rdo.
1001 990 1037 1057 in
1048 994 1131 1080 Jesu
1147 989 1212 1056 X.⁰
1225 990 1319 1057 Patri
1335 992 1369 1057 d.
1387 990 1451 1059 Ni-

229 1108 326 1175 colao
343 1108 547 1189 Lancilotto,
564 1110 677 1178 Goue.

809 1253 871 1335 2³!

329 1386 483 1452 PATER
509 1384 724 1473 JOANNES
755 1386 817 1452 DE
849 1385 1076 1453 POLANCO
1107 1387 1170 1453 EX
1201 1388 1352 1455 COMM.

454 1501 488 1554 P.
509 1497 715 1558 LUDOVICO
734 1496 964 1558 CONSALVIO
984 1500 1037 1555 DE
1055 1499 1224 1557 CAMARA

614 1610 702 1653 aorm
715 1609 750 1651 22
763 1608 944 1655 novarianis
955 1609 1024 1667 1547
1038 1598 1057 1652 ¹.

223 1714 269 1770 Da
281 1715 431 1770 sociorum
448 1692 732 1770 institutioni-Da
749 1714 878 1770 uitanda
897 1732 965 1770 cum
982 1714 1162 1769 mulieribus
1177 1714 1449 1788 familiaritate.-

275 1803 321 1859 De
333 1803 429 1859 sacris
442 1803 854 1891 missionibus-Quemnam
865 1807 1039 1859 nostrorum
1049 1803 1188 1858 taborum
1195 1803 1337 1876 fructum
1347 1804 1451 1875 magis

276 1893 417 1965 [gnatius
425 1892 628 1964 probet-Ad
643 1893 799 1949 missiones
813 1892 963 1948 obeundas
976 1910 1044 1947 cum
1057 1892 1172 1947 delectu
1188 1896 1217 1949 et
1230 1891 1312 1947 binos
1329 1892 1448 1947 mitten·

276 1983 447 2036 desecasset.
1126 1975 1135 1990 ’

785 2078 888 2221 Jtis:

290 2267 410 2335 Gratia
425 2278 465 2334 et.
475 2290 541 2354 pax
556 2270 600 2335 D.
619 2270 662 2335 N.
681 2270 759 2335 lesu
775 2268 854 2354 Xpi.
873 2266 917 2333 sit
933 2288 1068 2353 semper
1084 2277 1210 2335 tecum.
1232 2267 1356 2333 Arnen.

291 2381 498 2451 Charissime
508 2383 544 2451 in
557 2384 646 2469 Xpo.
662 2385 739 2452 lesu
752 2385 854 2450 Pater
869 2384 895 2450 ¹.
906 2381 1049 2450 Etiamsi
1058 2404 1119 2468 pro
1131 2381 1181 2449 tui
1190 2381 1341 2449 muneris
1351 2403 1446 2463 cura,

223 2509 259 2565 et
275 2520 315 2567 ea
330 2499 522 2585 prudentia,
541 2522 642 2585 quam
658 2502 700 2567 ab
716 2499 867 2566 omnium
879 2500 1048 2565 bonorum
1060 2507 1199 2566 auctore
1215 2497 1276 2564 tibi
1293 2498 1446 2568 tribuen-

222 2614 301 2680 dam
316 2624 431 2700 sperat
446 2626 561 2682 noster
576 2615 611 2681 in
627 2617 716 2702 Xpo.
737 2618 776 2682 P.
795 2613 961 2702 Ignatius,
980 2613 1066 2683 sorte
1081 2613 1276 2706 huiusmodi
1291 2615 1447 2680 admoni-

223 2730 316 2797 tione
331 2729 444 2796 minus
460 2723 646 2818 indigereS,
664 2743 788 2812 tamen,
807 2730 887 2816 quia
902 2729 938 2796 in
953 2752 991 2798 re
1007 2730 1096 2797 seria
1110 2740 1146 2796 et
1158 2729 1273 2817 magni
1287 2731 1449 2797 momenti

223 2845 317 2912 nulla
336 2844 470 2914 videtur
491 2847 604 2914 cautio
624 2867 891 2933 superuacanea,
914 2846 1166 2912 admonendum
1187 2855 1222 2914 te
1241 2845 1338 2912 duxit
1357 2845 1447 2914 idem

225 2962 338 3040 Pater,
357 2972 395 3026 vt
409 2961 444 3026 in
461 2960 554 3028 omni
574 2961 778 3041 obedientia,
797 2971 832 3027 et
846 2959 1030 3027 christiana
1045 2959 1235 3045 disciplina,
1253 2981 1292 3027 ac
1313 2971 1449 3028 nostrae

222 3073 403 3143 Societatis
418 3075 575 3142 instituto
590 3076 769 3157 conformi,
787 3076 942 3144 studeres
963 3075 1063 3141 isthic
1084 3096 1203 3141 omnes
1225 3077 1346 3143 fratres
1368 3088 1449 3143 tuae

221 3209 325 3256 curae
339 3189 537 3257 commissos
548 3190 735 3271 continere,
750 3201 784 3256 et
795 3203 833 3256 vt
848 3191 898 3258 eis
914 3210 1048 3255 omnem
1060 3210 1138 3254 cum
1151 3189 1349 3258 mulieribus
1363 3212 1448 3257 con-

223 3304 450 3372 uersationem
467 3316 502 3373 et
529 3305 788 3373 familiaritatem
815 3303 1047 3386 interdiceres,
1071 3304 1151 3373 licet
1175 3304 1393 3390 firmioribus,
1412 3320 1448 3375 et

221 3441 366 3504 quorum
383 3419 444 3486 tibi
462 3420 570 3508 magis
585 3431 637 3487 est
652 3423 793 3508 probata
808 3420 1001 3507 integritas,
1018 3432 1056 3486 vt
1071 3419 1107 3486 in
1122 3420 1260 3506 publico
1275 3443 1333 3490 eas
1349 3421 1448 3487 adiu-

222 3545 304 3602 vent
319 3535 497 3603 audiendis
512 3537 784 3604 confessionibus
799 3535 908 3623 possis
925 3535 1132 3622 permittere.

180 3741 181 3744 Ἴ
288 3652 340 3717 De
357 3650 573 3718 missionibus
589 3651 705 3721 itidem
726 3662 854 3732 censet,
879 3672 997 3718 curam
1021 3649 1082 3715 tibi
1103 3672 1179 3718 esse
1198 3651 1324 3726 debere
1339 3651 1447 3718 maxi-

221 3785 323 3846 mam,
341 3777 379 3830 vt
394 3766 523 3833 scilicet
538 3767 573 3833 id
589 3767 714 3852 cuique
729 3767 971 3845 committatur,
986 3786 1050 3832 nec
1061 3765 1218 3852 amplius,
1233 3788 1335 3852 quam
1352 3769 1447 3852 quod

221 3880 310 3946 ferre
324 3881 442 3967 possit;
468 3892 503 3951 et
517 3905 659 3968 prorsus
685 3886 750 3950 hoc
770 3893 804 3949 te
824 3880 1017 3982 intelligere
1036 3880 1132 3966 cupit
1152 3885 1256 3950 Pater
1276 3883 1444 3969 Ignatius,

222 3996 322 4063 malle
338 4019 376 4065 se
390 4007 429 4063 vt
443 3998 501 4083 qui
518 4011 655 4068 nostrae
669 4020 706 4066 se
725 3999 856 4068 dedunt
870 3995 1032 4068 Societati
1053 3997 1279 4086 perexiguum
1301 3999 1447 4085 aliquem
1520 4061 1523 4068 .

219 4111 373 4180 laborum
390 4114 552 4200 fructum,
569 4116 630 4182 sed
650 4136 820 4196 securum,
838 4115 986 4203 capiant,
1005 4139 1106 4203 quam
1123 4117 1153 4184 si
1167 4115 1368 4208 uberrimos
1386 4115 1448 4181 sed

272 4344 281 4376 ¹
319 4345 367 4399 Ex
380 4348 443 4401 cod.
458 4347 545 4402 Rom.
561 4347 586 4413 t,
600 4364 714 4419 apogr„
724 4367 754 4407 n.
769 4348 875 4419 XLIX,
886 4349 966 4422 prius
979 4348 1030 4406 fol.
1043 4349 1251 4419 75.—Cartas,
1262 4366 1292 4404 n.
1303 4347 1442 4404 CXXIX.

271 4437 282 4468 ²
321 4433 386 4489 Non
400 4434 509 4490 dieitur
520 4435 568 4491 cui
586 4436 709 4508 epistola
727 4438 835 4509 scripta
853 4446 911 4507 est,
925 4455 1028 4493 verum
1041 4455 1078 4494 ex
1092 4437 1186 4510 ipsius
1203 4445 1378 4509 argumento
1396 4437 1446 4492 vix

218 4521 341 4579 dubium
354 4541 421 4579 esse
434 4532 532 4595 potest
543 4525 614 4598 quin
627 4543 662 4581 ea
679 4525 716 4580 ad
733 4534 878 4582 rectorem
891 4526 1009 4598 collegii
1030 4526 1284 4595 conimbricensis,
1306 4527 1357 4599 qui
1376 4533 1448 4581 tnnc
1563 4535 1566 4540 ’

217 4621 282 4668 erat
292 4613 326 4669 Ρ.
340 4613 508 4670 Ludovlcus
520 4613 698 4671 Consalvius
711 4614 748 4671 de
761 4615 895 4688 Camars,
905 4616 974 4672 data
987 4615 1086 4673 fuerit.
1098 4617 1144 4691 De
1154 4615 1314 4673 Consalvio
1326 4615 1364 4672 ad
1373 4615 1446 4671 illud

219 4709 337 4774 tempus
350 4703 412 4774 agit
424 4703 606 4775 PotnuctJS,
619 4704 745 4778 Chron„
758 4705 783 4776 1,
797 4703 859 4778 253,
870 4704 934 4762 320.
