3625 5400
536 520 638 577 Emsr.
660 519 794 593 234-24
817 522 1009 581 necamus·
1024 536 1091 594 1547

768 725 847 806 2³4
958 727 960 730 ’
1023 771 1027 777 ·

349 808 352 812 ’
437 854 577 920 parm
601 842 792 923 hauteu
820 844 1184 925 aaaronoacmo

563 1000 651 1042 nour
671 1000 705 1056 24
724 999 902 1078 uacauasu
923 987 1016 1059 [¹547]
1036 989 1056 1043 ¹.

188 1106 321 1165 litteras
333 1109 460 1183 acceptis
473 1110 614 1185 ignatius
626 1112 773 1167 rescribit.
785 1142 818 1153 -
828 1113 878 1167 Act
890 1113 1034 1168 virtulem
1046 1114 1238 1171 excolandum
1256 1115 1423 1187 bonumne

249 1199 419 1270 exemplum
432 1201 569 1256 omnibus
577 1201 784 1272 praebendum
795 1202 947 1257 hortatur.
955 1203 1062 1258 -Acta
1071 1221 1090 1256 a
1102 1204 1190 1259 sociis
1201 1204 1423 1279 lovaniensibus

246 1287 367 1359 probat:
380 1290 567 1345 commendat
580 1294 614 1343 ut
626 1290 660 1344 in
672 1289 849 1363 adlegendis
860 1291 1013 1345 sodalibus
1027 1291 1158 1347 debrius
1167 1292 1422 1365 habeatne-Ja-

249 1376 353 1431 cobnm
369 1376 532 1443 thoslium,
546 1395 640 1449 quum
649 1381 789 1450 primum
805 1378 948 1452 ignatius
962 1380 1066 1451 possit,
1088 1379 1256 1435 Latonium
1274 1382 1424 1437 missurus

248 1470 302 1545 est,
316 1467 370 1543 qui
380 1468 467 1523 sociis
484 1469 646 1539 praesia·
650 1469 810 1537 Quaedam
824 1468 857 1522 in
870 1468 1234 1541 constitutionibus-factis
1245 1489 1267 1525 a
1282 1471 1370 1542 codic
1382 1471 1423 1526 lo·

250 1556 444 1610 panteneiam
453 1557 658 1627 deprehendit
671 1574 748 1629 quae
761 1559 884 1613 omnino
902 1576 960 1613 non
975 1558 1334 1630 placent-Societatem
1346 1561 1422 1633 Jesrr

250 1661 327 1699 cura
333 1644 529 1717 feminarum
542 1647 702 1702 liberatam
712 1664 772 1703 esse
782 1648 916 1702 nuntiat.
920 1647 1096 1719 -Etplr'cul
1106 1648 1248 1721 ignatius
1259 1667 1347 1705 snam
1360 1667 1423 1706 sen·

248 1734 403 1789 tantiam
390 1753 424 1789 m
436 1736 695 1792 communicandis
707 1729 776 1792 ¹curn
788 1736 886 1802 sociis,
898 1754 975 1809 quas
983 1755 1003 1792 a
1003 1738 1151 1811 pontifice
1159 1740 1288 1794 donatas
1300 1742 1423 1855 aceepit,

241 1819 488 1891 facultalibus'
460 1840 541 1878 urea
553 1840 642 1879 saera
654 1824 841 1879 ministeriu.

263 1948 382 2015 Gratia
399 1962 434 2018 et
450 1972 515 2037 pax
531 1950 657 2016 domini
674 1950 780 2017 nostri
792 1952 903 2039 JESV
920 1950 1080 2018 Christi
1071 1973 1107 2016 rn
1122 1950 1283 2018 cordibus
1299 1951 1424 2019 nostris

190 2064 242 2130 :sit
258 2087 392 2152 semper
407 2075 442 2133 et
458 2078 638 2153 augeatur.
655 2068 780 2135 Amen.

265 2180 368 2248 Binas
384 2174 514 2249 litteras
530 2192 606 2248 tuas
621 2182 826 2268 accepimus,
845 2200 866 2265 4
882 2203 991 2249 nonas
1012 2181 1124 2250 Martii
1143 2193 1178 2250 et
1204 2198 1241 2267 15
1264 2184 1423 2251 calendas

189 2296 325 2382 Aprilis
339 2296 494 2384 scriptas,
514 2316 600 2383 quae
618 2319 747 2383 magno
764 2318 827 2364 nos
845 2298 971 2385 gaudio
991 2298 1026 2363 in
1047 2297 1195 2365 Domino
1218 2300 1421 2378 affecerunt,

195 2412 233 2479 in
253 2434 322 2499 quo
343 2422 378 2481 et
397 2412 539 2499 diligere
562 2422 595 2479 te
617 2424 651 2479 et
671 2412 783 2479 socios
803 2402 925 2482 omnes
945 2412 1190 2499 compellimur,
1214 2413 1339 2499 quibus
1361 2434 1424 2481 vos

194 2528 287 2595 vitae
302 2526 475 2614 proposito
492 2550 533 2594 ac
549 2528 638 2595 votis
654 2528 757 2594 animi
775 2538 842 2595 tarn
858 2539 951 2596 arete
967 2527 1192 2595 coniunxistis
1207 2530 1251 2595 ad
1271 2528 1422 2597 eiusdem

188 2643 324 2712 domini
340 2644 446 2712 nostri
457 2645 568 2734 JESV
586 2643 714 2712 Christi
730 2644 886 2732 gloriam,
905 2643 1004 2710 cuius
1019 2643 1125 2711 solius
1146 2644 1272 2711 amoris
1288 2643 1424 2732 glutino

190 2781 332 2827 omnem
348 2773 362 2801 ⁸
377 2772 413 2827 et
428 2760 524 2848 iungi
540 2772 575 2827 et
593 2760 700 2829 teneri
717 2759 925 2829 Societatem
941 2783 1002 2846 par
1018 2772 1082 2829 est.
1169 2762 1176 2776 ‘

264 2877 368 2962 Quod
383 2897 501 2944 mones
517 2864 604 2962 ergo
623 2887 695 2941 tum
714 2876 758 2942 de
779 2875 1032 2942 cohabitatione
1053 2885 1178 2955 vestra,
1203 2886 1276 2942 tum
1298 2877 1340 2943 de
1361 2877 1431 2945 de·

190 2993 303 3073 lectu,
320 3013 420 3078 quern
438 2991 570 3058 habetis
586 2991 620 3057 in
637 2991 739 3058 sociis
755 2991 985 3072 admittendis
1004 2990 1088 3055 mihi
1108 2977 1328 3059 uehementer
1343 3010 1429 3078 pro-⁴

196 3107 311 3188 batur,
335 3129 413 3174 cum
439 3118 623 3192 utrumque
643 3107 685 3172 ad
706 3107 871 3174 honorem
893 3115 928 3172 et
951 3107 1086 3173 laudem
1110 3096 1296 3173 conditoris
1317 3105 1424 3172 nostri

196 3223 466 3290 redundaturum
484 3243 630 3308 sperem,
649 3233 683 3288 et
699 3221 742 3287 ad
758 3241 876 3287 eorum
897 3221 1084 3286 multorum
1105 3220 1297 3302 utilitatem3
1320 3220 1348 3286 si
1371 3231 1422 3286 ta-

197 3361 274 3406 men
287 3338 336 3405 sic
349 3337 472 3406 luxerit
485 3338 542 3403 lux
554 3348 668 3404 vestra
680 3358 794 3403 coram
808 3334 1014 3415 hominibus
1029 3347 1067 3402 ut
1080 3324 1273 3422 glorificent
1287 3329 1431 3404 Patrem-

194 3466 362 3534 vestrum,
385 3453 444 3541 qui
472 3453 506 3519 in
534 3453 638 3520 coelis
662 3464 714 3520 est
734 3453 759 3532 ³,
778 3465 812 3518 et
836 3451 899 3538 ipsi
924 3453 967 3517 ad
986 3461 1139 3518 sanctam
1163 3442 1423 3519 aemulationem

195 3571 352 3656 exemplo
367 3580 482 3636 vestro
498 3580 741 3655 provocentur.
761 3571 921 3654 Magnam
940 3578 1052 3634 tamen
1069 3588 1208 3652 prorsus
1230 3565 1424 3633 iniunxistis

195 3685 293 3751 vobis
310 3685 549 3753 necessitatem
566 3695 684 3752 sancte
702 3685 822 3770 pieque
843 3682 991 3762 vivendi,
1010 3704 1102 3764 cum,
1120 3681 1268 3766 separati
1289 3684 1332 3748 ab
1349 3674 1433 3750 aliis·

193 3801 407 3869 habitatione
424 3823 463 3867 ac
481 3801 570 3869 vitae
585 3802 702 3879 forma,
719 3797 875 3866 inoculis
891 3796 1042 3899 omnium
1056 3809 1091 3867 et
1102 3797 1230 3884 linguis
1246 3796 1260 3837 b
1276 3793 1350 3864 sitis
1368 3799 1422 3864 fu-

197 3913 278 3997 turi;
302 3919 394 4002 quod
417 3927 531 3986 tamen
551 3938 613 3983 vos
634 3937 709 3983 esse
730 3915 882 3981 facturo„
897 3906 936 3979 ‘in
959 3935 1001 3982 eo
1022 3913 1171 3992 confido,
1190 3935 1300 3998 aquo
1323 3933 1425 3982 omne

249 4123 415 4178 ³Verlrum
440 4137 556 4177 omnem
578 4125 645 4193 post
670 4120 848 4175 Societatem
873 4118 1020 4190 scriptum
1043 4119 1119 4172 ast
1106 4128 1141 4172 tn
1162 4118 1259 4172 altero
1280 4111 1424 4212 exemplo.¹

197 4213 247 4255 -b
267 4211 485 4268 Praecedentia
498 4211 559 4266 duo
571 4211 661 4265 uerba
674 4209 915 4264 desiderantur
902 4226 936 4262 m
949 4207 1004 4261 all
1018 4225 1064 4261 ex.

250 4393 257 4422 ¹
296 4392 340 4444 Ex
353 4391 472 4463 antiquo
485 4390 604 4446 archivo
617 4389 785 4461 provinciae
799 4386 975 4443 Germaniae
989 4385 1020 4440 S.
1036 4387 1063 4455 J.
1069 4428 1077 4456 ,
1090 4401 1191 4458 apogr.
1209 4398 1220 4440 1
1235 4386 1286 4441 fol.
1303 4386 1424 4444 Deside-

194 4489 275 4535 ratur
290 4497 354 4551 pars
367 4479 576 4552 inscriptionis;
591 4497 657 4534 nam
671 4493 839 4549 supremum
853 4474 954 4531 iulium
967 4473 1099 4529 decisum
1113 4480 1170 4545 est,
1184 4474 1285 4548 sicque
1298 4478 1354 4532 sub
1367 4478 1423 4550 pri·

196 4568 235 4623 mi
250 4585 352 4623 versus
366 4567 453 4623 finem
467 4575 580 4623 tantum
593 4567 652 4638 legi
667 4575 789 4638 possunt
807 4565 907 4618 verba:
928 4582 942 4614 n
948 4603 1002 4618 .....
1022 4563 1176 4633 Paybroclr
1194 4563 1345 4620 Coloniam
1351 4588 1416 4622 ......
1416 4588 1423 4618 ›

193 4658 287 4714 Aliud
300 4665 398 4714 exstat
412 4675 511 4731 apogr.
528 4657 557 4712 in
570 4659 633 4714 cod.
651 4656 753 4710 Calon.
771 4655 826 4719 m,
843 4653 873 4709 li.
888 4651 936 4722 7-8
949 4671 972 4707 r.

250 4753 262 4784 ³
299 4749 427 4803 Merra.
443 4747 480 4842 VJ
497 4747 538 4802 16.
