3625 5400
354 390 409 447 312
730 393 937 450 Mouuurura
957 395 1135 450 lanariam

386 547 515 612 Datum
532 548 659 614 Romae
674 546 709 612 in
726 547 827 614 domo
843 545 1133 634 SocietatisJesu,
1151 548 1244 632 apud
1266 547 1303 614 S.
1331 544 1475 612 Mariam
1501 545 1545 611 de

320 661 454 741 Strada,
472 683 562 728 anno
578 677 674 746 1545,
689 662 744 729 die
758 684 840 731 vero
856 663 939 730 XVI
954 661 1081 729 mensis
1092 661 1188 750 Julii,
1203 660 1423 748 pontificatus
1440 659 1544 747 preli-

319 776 389 843 bati
405 776 608 845 sanctissimi
624 777 752 845 domini
768 777 876 844 nostri
891 799 1000 864 papae
1016 799 1107 845 anno
1122 777 1317 846 vndecimo.

421 894 472 978 [L.
499 895 550 979 S.]
1044 891 1271 979 [Subscriptio
1287 890 1445 978 abscisa]

382 1008 544 1094 Sequitur
560 1009 614 1074 hic
630 1010 761 1078 titulus.
779 1009 920 1077 Dioces.
944 1029 1076 1090 eorum,
1096 1007 1155 1094 qui
1174 1008 1301 1095 profesi
1321 1017 1419 1074 sunt:
1437 1014 1469 1073 et
1478 1015 1543 1093 po-

316 1111 386 1189 siea
402 1126 543 1190 nomina
559 1125 595 1190 S.
615 1125 759 1213 Ignate'i,
775 1146 894 1191 novem
909 1124 985 1211 ejus
996 1127 1160 1211 priorum
1175 1125 1343 1190 sociorum
1365 1129 1396 1189 et
1418 1125 1543 1188 Petris

316 1242 442 1320 Areoz,
459 1247 489 1305 et
503 1241 666 1307 dioeceses
682 1241 914 1328 singulorum,
931 1247 1064 1326 excepto
1083 1239 1241 1307 Codurii.

384 1355 577 1440 Inscriptio.
597 1356 619 1442 †
637 1354 846 1423 Charissimo
866 1355 902 1421 in
918 1354 1057 1422 Christo
1074 1354 1181 1436 fratri,
1202 1358 1304 1422 Petro
1321 1356 1348 1420 F
1349 1354 1444 1435 ebro,
1462 1375 1543 1439 pre·

316 1470 443 1542 sbitero
460 1470 641 1540 Societatis
652 1475 750 1560 Jesu.

382 1587 426 1651 Er
441 1587 546 1671 paulo
565 1587 731 1676 inferius.
762 1589 859 1656 Haec
879 1597 931 1656 est
960 1589 1066 1654 forma
1093 1585 1316 1654 restrictionis
1337 1583 1537 1672 gratiarum,

316 1723 403 1787 quae
419 1703 522 1771 fiebat
539 1726 559 1769 a
574 1702 714 1769 domino
730 1702 936 1789 praeposito.

610 1971 750 2038 PATRI
784 1845 1001 2039 ANTOSbiiIO
1034 1971 1261 2039 ARAOZIO,

751 2097 841 2144 noua
854 2099 889 2155 24
904 2065 985 2152 Jmu'
996 2097 1064 2155 1545
1083 2086 1103 2141 ¹.

350 2189 512 2265 Significat
525 2192 667 2264 Ignatius
675 2195 760 2264 posse
773 2195 900 2248 Patrem
914 2194 1079 2247 Araozium
1093 2194 1135 2247 ad
1150 2191 1269 2247 curiam
1283 2189 1436 2263 proficisci
1447 2193 1502 2243 aut

627 2299 811 2353 quocumque
823 2283 921 2337 satius
933 2283 983 2337 illi
999 2283 1098 2337 uisum
1115 2281 1223 2350 fuerit.

380 2400 412 2465 Y
426 2419 555 2484 porque
570 2420 614 2484 yo
630 2397 766 2481 escriui,
781 2419 848 2484 que
863 2419 926 2484 por
939 2421 986 2463 vn
1008 2407 1074 2464 ano
1093 2403 1181 2465 seria
1200 2396 1280 2463 bien
1301 2395 1536 2464 estuuiesedes

282 2507 284 2510 ’
313 2513 425 2579 donde
442 2515 473 2582 el
489 2513 652 2599 principe,
671 2537 693 2599 y
709 2534 752 2579 en
767 2515 817 2579 Ias
833 2535 1006 2581 comarcus
1021 2514 1134 2580 donde
1149 2535 1188 2580 os
1208 2512 1399 2598 pareciesse
1414 2511 1533 2595 mejor,

314 2630 348 2696 lo
363 2629 501 2717 podreis
518 2631 620 2696 hazer
636 2652 679 2698 en
696 2630 788 2694 todo.

383 2748 531 2813 Vuestro
547 2768 591 2813 en
607 2746 639 2811 el
655 2747 765 2813 Senot
781 2755 936 2825 nuestro‚

1239 2862 1399 2929 Iouucro.

368 3094 377 3125 ¹
414 3094 609 3165 Desumptum
623 3102 668 3149 est
678 3096 733 3149 hoc
746 3090 942 3166 fragmentum
953 3112 990 3149 ex
1001 3095 1221 3163 limitaneam,
1239 3095 1329 3149 Vides
1338 3094 1533 3165 exemplares,

313 3189 335 3236 t.
350 3180 583 3252 1V(1.aeedit.)‚
597 3199 664 3254 pag.
677 3182 741 3251 6273
756 3181 785 3237 id
799 3190 855 3250 est,
870 3183 900 3237 in
916 3183 977 3237 vita
989 3180 1083 3236 Patris
1098 3182 1225 3253 AraoziI,
1239 3182 1304 3253 211.

367 3269 445 3325 Patri
466 3270 643 3326 Menehacae
665 3270 710 3326 De
733 3270 877 3341 Epistolis
895 3270 953 3327 Sti.
976 3271 1105 3345 Ignatii,
1124 3271 1155 3325 in
1176 3269 1404 3337 commentariis,
1422 3269 1474 3325 lib.
1494 3268 1534 3338 11,

312 3376 380 3431 pag.
398 3373 444 3429 41,
462 3378 489 3415 n.
509 3373 554 3430 42,
574 3358 690 3415 videtur
709 3360 802 3415 «haud
819 3360 942 3416 dubium
959 3361 1030 3432 quin
1048 3360 1164 3415 laudata
1181 3360 1305 3431 epistola
1322 3360 1417 3414 Fabro
1435 3356 1534 3430 potius

311 3436 399 3521 quarb
413 3449 538 3503 Araozio
551 3448 589 3505 sit
602 3449 718 3505 missa».
734 3449 874 3504 Attamen
891 3449 929 3504 de
945 3450 1001 3504 hoc
1018 3449 1153 3521 epistolio
1166 3447 1236 3503 facit
1250 3448 1430 3503 mentionem
1444 3446 1534 3500 Arao-

310 3537 385 3605 zius,
398 3538 512 3608 Ignatio
526 3539 658 3593 scribens
672 3552 700 3592 11
714 3538 887 3594 Decembris
900 3552 979 3608 1545.
990 3540 1089 3612 Epist.
1099 3538 1223 3602 Mixtae,
1234 3538 1259 3608 1,
1270 3535 1332 3593 236.
1344 3535 1422 3591 Fieri
1436 3542 1534 3590 autem

312 3625 407 3697 potuit
421 3633 453 3680 ut
467 3626 598 3697 ignatius
612 3634 670 3681 tarn
684 3628 707 3681 F
709 3630 778 3683 abro
791 3644 879 3699 quam
900 3626 1025 3682 Araozio
1043 3626 1072 3681 in
1088 3626 1224 3681 eumdem
1242 3643 1361 3681 sensum
1379 3623 1532 3679 scriberet.

310 3714 469 3770 Caeterum
482 3715 643 3770 secundum
657 3714 912 3787 Nierembergium
925 3716 1064 3771 schedula
1081 3717 1154 3770 haec
1166 3714 1234 3771 data
1251 3713 1307 3769 fuit
1320 3728 1355 3783 24
1368 3714 1439 3785 Julii
1454 3725 1534 3782 1545.

312 3804 543 3877 -MENCHACA,
557 3807 612 3860 loc.
626 3804 689 3877 cit.;
707 3804 826 3871 Certus,
841 3824 871 3862 n.
884 3805 977 3860 LVII.
