3625 5400
577 493 744 549 Amsorx
764 497 1073 553 Perus.-Aoossos
1353 491 1407 565 731

211 656 317 733 gente
332 642 366 711 di
382 646 462 730 quel
478 666 593 731 paese,
608 668 668 733 per
684 648 707 713 li
718 647 877 716 beneficii
890 651 956 717 che
969 650 1158 717 ricercano.
1173 650 1220 718 Se
1231 645 1449 716 noniisente

210 760 286 843 atti,
304 760 326 826 it
343 783 413 827 non
428 761 579 831 scriuere
595 762 711 830 niente
728 768 804 831 sari
820 786 931 853 segno
946 767 1003 832 del
1018 787 1082 833 suo
1098 786 1218 852 parere
1229 776 1254 829 ⁶.

277 875 544 945 Generalmente
559 892 597 947 se
613 880 645 945 le
665 878 898 948 occorressioo
915 882 1030 948 alcuni
1044 880 1151 948 mezzi
1171 876 1370 967 importanti
1385 900 1447 965 per

211 994 303 1061 aiuto
319 995 375 1062 del
390 994 458 1059 ben
474 1014 655 1062 commune
672 994 706 1063 di
722 993 835 1081 quella
851 996 1041 1083 prouincia,
1059 993 1124 1066 che
1135 1017 1197 1083 per
1208 996 1242 1062 la
1253 1005 1353 1062 santa
1363 994 1448 1060 sede

211 1108 398 1195 apostolica
413 1108 441 1175 si
458 1128 605 1195 possano
621 1132 734 1191 usare,
753 1110 809 1179 dia
825 1112 960 1185 ricordo
975 1113 1065 1181 nelle
1085 1131 1149 1180 sue
1164 1113 1287 1183 lettere
1301 1109 1321 1177 ¹.

175 1358 180 1365 ·
281 1342 369 1427 Pag.
387 1342 464 1424 265,
479 1354 596 1409 annot.
613 1344 817 1411 a.—Patres
828 1344 1036 1412 bollandiani
1050 1348 1143 1433 (tom.
1158 1324 1221 1412 VII
1232 1342 1327 1432 Julii,
1344 1341 1444 1408 Com·

212 1460 314 1522 ment.
326 1464 461 1541 praev„
478 1482 513 1523 n.
533 1458 609 1543 378)
626 1456 786 1545 legerunt
805 1458 963 1541 «tradit»,
978 1482 1068 1547 quae
1079 1458 1182 1527 lectio
1193 1458 1293 1526 nobis
1305 1456 1446 1537 arridet,

214 1593 292 1637 nam
309 1575 563 1659 autographum
580 1573 717 1643 videtur
731 1576 859 1643 habere
878 1588 979 1647 rtrt.»

282 1805 369 1891 Pag.
400 1804 482 1885 286,
505 1805 528 1870 l.
553 1822 608 1887 37.
656 1804 792 1872 Dicitur
822 1828 865 1873 ex
893 1806 1086 1874 Orlandino
1113 1806 1239 1874 obiisse
1262 1803 1450 1873 Ferronius

214 1942 305 1987 anno
338 1934 438 2003 15473
457 1930 493 1985 at
515 1941 558 1986 ex
584 1922 612 1987 F
616 1942 746 2001 surico,
766 1922 923 2009 Imagem
939 1922 983 1987 da
1006 1923 1143 1987 virtude
1158 1943 1252 1991 em...
1275 1920 1450 2001 Coimbro,

217 2050 240 2102 t.
261 2038 286 2115 1,
306 2056 386 2122 pag.
406 2036 486 2115 616,
504 2047 597 2105 etex
619 2038 857 2121 Gorcnssur,
876 2038 1065 2124 Mtnotoge.
1084 2040 1279 2104 Assistence
1294 2038 1335 2102 de
1352 2038 1447 2103 Por*

217 2152 325 2239 tugal,
342 2161 477 2217 constat
493 2152 582 2219 diem
599 2163 788 2220 extremum
805 2154 970 2222 clausisse
985 2176 1078 2220 anno
1094 2154 1191 2237 1548,
1207 2172 1251 2219 20
1267 2150 1446 2219 Octobris.

268 2380 281 2409 e
318 2368 396 2421 Aute
412 2368 651 2423 emendationem
670 2387 690 2422 a
705 2369 837 2424 Potuuco
848 2368 983 2441 factam,
995 2370 1039 2425 sic
1050 2373 1205 2423 contextae
1221 2372 1311 2423 erant
1325 2372 1449 2439 praece·

214 2458 317 2511 dentes
329 2456 408 2511 duae
424 2457 556 2526 periodi:
570 2456 696 2529 Quando
708 2457 805 2512 alcuni
819 2457 956 2529 ue'ngono
969 2475 985 2511 a
998 2458 1121 2512 Romae
1137 2456 1297 2512 domandas
1310 2455 1449 2511 beneficii

217 2542 371 2615 maggiori,
384 2545 401 2599 ὲ
416 2546 493 2599 bene
502 2546 557 2600 che
571 2546 644 2601 auisi
658 2546 792 2617 quelche
806 2555 890 2601 sente
900 2546 930 2600 di
941 2548 1012 2615 loro,
1024 2554 1054 2601 et
1064 2563 1107 2619 se,
1119 2546 1305 2601 considerata
1315 2547 1343 2601 la
1354 2552 1448 2615 gente

215 2632 245 2687 di
258 2635 326 2707 quel
340 2650 441 2706 paese,
453 2634 473 2690 li
486 2652 595 2706 pareno
608 2634 662 2689 atti
675 2652 729 2708 per
738 2636 758 2691 li
768 2634 905 2691 beneficii
915 2636 970 2690 che
981 2635 1142 2708 ricercano,
1152 2644 1298 2708 etqaeste
1308 2633 1446 2689 informs·

216 2723 289 2778 tioni
302 2741 360 2779 non
373 2741 443 2796 pare
459 2724 620 2780 donerisno
639 2725 784 2782 mandarsi
801 2743 854 2798 per
872 2726 950 2782 maai
966 2726 1038 2781 delli
1056 2725 1209 2781 medesimi
1222 2725 1271 2780 de'
1290 2723 1370 2797 quati
1382 2735 1446 2794 per·

214 2813 293 2869 lano.
335 2814 382 2854 -f
399 2813 544 2884 Sequitur
559 2815 608 2869 hic
623 2817 851 2888 paragraphus,
866 2833 962 2870 rnanu
976 2816 1013 2870 P.
1033 2815 1163 2870 Potanci
1174 2815 1263 2869 valde
1280 2814 1450 2887 castigatus

214 2903 243 2953 et
256 2901 360 2970 postea
374 2903 454 2954 totus
466 2899 653 2956 obliteratus.

449 3019 541 3062 osccr
561 3021 648 3063 mum
667 3021 732 3064 cris
750 3021 779 3070 sr
797 3020 959 3065 Pornrsso
978 3023 1043 3066 oss
1061 3022 1104 3064 ns
1123 3012 1212 3065 sorte

269 3113 377 3184 Questi
391 3115 417 3167 si
429 3123 616 3180 eontengono
630 3116 677 3170 nel
691 3117 794 3184 breue;
809 3133 855 3170 ms
868 3115 990 3171 aduerte
1003 3117 1032 3171 le
1044 3133 1114 3171 cose
1127 3115 1275 3186 seguenti.

270 3202 378 3256 Prima.
393 3203 511 3257 Facoltt
529 3201 559 3256 d’
578 3205 727 3258 essoluere
744 3203 816 3259 delli
833 3204 894 3259 cesi
912 3204 1056 3260 reseruati
1073 3204 1163 3259 etism
1180 3204 1212 3258 in
1229 3205 1310 3259 bulis
1326 3219 1451 3274 mense,

215 3293 271 3346 che
284 3307 411 3363 possono
424 3307 576 3346 occorrere
589 3292 619 3346 in
631 3293 722 3366 quelli
736 3294 874 3364 paesi,'et
885 3294 1098 3366 specislmente
1110 3293 1148 3348 de
1161 3294 1317 3348 absoluere
1331 3292 1353 3347 li
1368 3293 1453 3348 here·

217 3381 269 3436 tici
283 3387 314 3434 et
331 3380 502 3452 scismatici,
517 3389 547 3435 et
566 3380 761 3436 reconciliasti
778 3399 834 3437 con
852 3383 879 3438 la
897 3390 982 3438 sunta
998 3382 1098 3437 chiesa
1126 3383 1244 3437 almeno
1261 3381 1291 3436 in
1309 3380 1372 3435 foro
1384 3397 1452 3435 con·

216 3467 370 3539 scientiae,
385 3477 415 3524 et
428 3470 483 3524 che
497 3487 583 3542 possa
596 3488 694 3542 perse
707 3479 804 3526 stesso
818 3489 904 3527 usare
917 3480 948 3527 et
959 3453 1159 3526 communicer
1169 3470 1205 3524 ad
1219 3470 1286 3526 altri
1299 3471 1355 3524 che
1370 3470 1391 3525 li
1403 3487 1454 3542 pa·

217 3573 342 3614 rersnno
354 3557 467 3613 idonei.
482 3559 520 3613 Et
530 3568 639 3632 quanto
649 3561 676 3614 al
687 3559 751 3614 foro
760 3559 914 3627 seueriore,
927 3559 1030 3614 vedast
1043 3575 1075 3612 se
1085 3557 1232 3613 conuiene
1240 3557 1296 3612 che
1304 3556 1453 3612 habbtsso

215 3647 324 3702 facoltii
336 3647 374 3702 de
387 3649 543 3703 absoluere
557 3657 587 3703 et
599 3647 629 3703 di
642 3648 814 3720 dispensare
827 3650 856 3704 in
869 3648 955 3720 gradi
967 3647 1107 3720 prohibiti
1123 3646 1161 3701 de
1176 3646 1364 3717 matrimonii,
1378 3637 1409 3701 et
1422 3646 1453 3701 in

215 3737 276 3791 casi
287 3736 325 3791 de
338 3735 523 3807 irregulariti
536 3745 566 3791 et
579 3736 609 3791 in
622 3737 712 3810 quali;
727 3745 757 3792 et
769 3755 802 3794 se
815 3745 921 3811 questo
934 3739 959 3792 s’
973 3736 1127 3792 intenderis
1138 3736 1168 3790 in
1178 3734 1242 3790 soro
1251 3734 1454 3790 conscientiae

216 3833 341 3880 tantum.
357 3827 484 3881 Almeno
498 3844 550 3898 per
562 3824 708 3882 assicurar
720 3829 748 3882 le
761 3825 961 3882 conscientiae
974 3843 1044 3899 pare
1062 3825 1223 3880 doueriano
1239 3825 1331 3879 hauet
1348 3825 1455 3879 alcuna

215 3911 323 3970 faculti
337 3914 367 3969 in
380 3915 441 3970 casi
459 3915 548 3970 simili
566 3915 596 3970 in
614 3914 677 3970 ioro
694 3915 836 3971 interiori:
856 3923 1046 3988 conquesto,
1064 3915 1120 3970 che
1140 3912 1160 3969 ii
1178 3921 1256 3968 tutto
1274 3912 1388 3968 taciano
1408 3929 1453 3968 se·
1551 3899 1559 3914 ⁸

216 4002 311 4058 condo
324 4005 345 4058 l'
360 4003 495 4059 instituto
508 4013 619 4071 nostro,
633 4021 721 4060 senza
735 4005 840 4076 pigliar
857 4021 927 4060 cosa
945 4005 1062 4072 alcuna,
1074 4002 1141 4058 anzi
1159 4020 1192 4057 se
1215 4004 1242 4058 la
1264 4001 1455 4074 pigtia[re]no

216 4091 370 4163 persimili
383 4093 475 4163 conti,
489 4091 566 4165 [che]
581 4110 638 4149 non
652 4093 695 4148 sia
709 4094 805 4150 valida
819 4093 869 4166 [la]
881 4092 1042 4164 gratiache
1054 4091 1250 4148 conferimno.

269 4181 366 4236 Alcun
385 4183 477 4236 breue
495 4199 513 4236 o
531 4183 609 4238 bolla
623 4181 653 4236 di
672 4182 703 4238 S.
719 4182 763 4252 S.,
783 4185 860 4238 neila
882 4184 950 4255 qual
969 4181 1126 4249 constassi,
1144 4199 1229 4236 come
1252 4181 1272 4236 li
1290 4179 1407 4247 manda,
1421 4189 1453 4236 et

213 4267 292 4324 deile
306 4269 440 4340 predette
454 4271 571 4340 incolit,
583 4280 614 4327 et
627 4273 700 4326 altre
711 4289 743 4327 se
756 4272 869 4344 paressi
882 4271 1080 4326 conueniente
1093 4271 1148 4326 che
1158 4271 1328 4325 hauessero.
1340 4267 1455 4324 Vedasi

216 4358 305 4413 etiam
316 4375 349 4414 se
363 4360 387 4413 si
400 4355 509 4416 ‘doueri
524 4360 686 4416 ordinares
698 4361 788 4434 quelli
798 4363 853 4417 che
864 4377 1003 4430 uengono
1014 4377 1031 4416 a
1043 4362 1136 4414 Roma
1148 4373 1200 4432 per
1211 4358 1391 4414 vescouatio
1402 4359 1452 4412 be·

216 4446 326 4519 neficii‚
338 4448 393 4502 che
404 4465 462 4504 non
476 4465 612 4521 uengano
625 4449 898 4510 senzatestimonio
911 4451 941 4507 di
959 4467 1028 4506 esso
1040 4459 1099 4505 etc.

271 4535 344 4592 Pare
356 4538 445 4593 etiam
459 4540 682 4610 giouarebbono
695 4543 800 4596 atcune
814 4543 922 4597 lettere
934 4541 964 4595 di
978 4541 1009 4618 S
1025 4541 1069 4606 S.,
1084 4557 1102 4594 o
1114 4539 1185 4594 dell'
1199 4537 1297 4594 llimo.
1315 4547 1345 4593 et
1358 4539 1448 4594 Rmo.
1548 4524 1551 4528 Δ

215 4633 358 4697 prottetor
370 4626 408 4682 de
422 4627 577 4700 Hibeinia‚
591 4629 640 4685 alli
654 4629 766 4702 signori
779 4629 945 4702 principali,
960 4648 977 4686 o
991 4647 1063 4684 uero
1072 4629 1303 4702 qualchebreue
1315 4646 1369 4700 per
1381 4627 1453 4683 tutti

215 4717 287 4784 loro,
303 4715 482 4773 animandoli
495 4727 553 4774 etc.
