3625 5400
853 464 921 520 ΞΕ)
1589 464 2003 520 Mortuum-ra
2042 463 2400 518 ΙΘΝΑΤΙΑΝΑ

785 616 913 680 rias
949 616 1013 680 '111
1049 636 1185 680 uno
1217 616 1389 695 lnce,
1426 615 1806 702 exagitatos
1837 615 1907 680 in
1953 614 2085 681 alio
2124 613 2487 691 Societatis
2527 613 2838 680 homines
2878 612 3234 693 videmus3

785 732 903 796 fied
937 732 1113 800 inter
1149 730 1538 816 hujusmodi
1578 740 1715 797 tam
1761 731 2008 797 multas
2050 751 2128 797 ac
2160 729 2464 798 diversas
2497 750 2724 795 rerum
2764 708 3240 794 humanarum

785 844 1221 928 mutationes,
1257 848 1569 912 eumdem
1601 867 1868 932 semper
1899 846 2266 932 Ignatium,
2302 843 2750 928 aequabilem,
2779 843 2956 911 bene
2986 844 3074 912 de
3107 864 3238 909 re-

785 964 913 1028 bus
941 972 1350 1044 sperantem,
1395 960 1465 1027 in
1508 963 1731 1028 Deum
1775 983 1975 1027 curas
2015 960 2604 1048 cogitationesque
2642 980 2801 1025 suas
2840 957 3232 1043 conjicien—

789 1092 921 1142 tem
953 1076 1512 1164 contemplamur.

921 1195 1017 1256 Ex
1053 1212 1185 1276 qua
1213 1192 1283 1256 in
1314 1192 1652 1278 Ignatium
1684 1202 1944 1259 attenta
1974 1191 2542 1276 contemplatione
2572 1192 2913 1274 modoque
2936 1190 3224 1276 agendi,

789 1324 921 1372 tam
957 1328 1113 1372 cum
1145 1308 1286 1372 Suis
1318 1328 1522 1392 quam
1561 1329 1720 1373 cum
1754 1306 2077 1387 externiS,
2116 1325 2384 1373 necnon
2416 1329 2500 1374 ex
2534 1285 2993 1392 negotiorum,
3039 1327 3230 1390 quae

785 1424 925 1508 ipae
969 1424 1304 1505 tractavit,
1363 1422 1812 1509 inspectione,
1874 1422 2119 1489 mirum
2174 1433 2504 1507 quantum
2561 1421 2871 1488 utilitatis
2917 1423 3229 1507 prudens

793 1540 997 1604 lector
1029 1558 1302 1624 carpere
1327 1538 1563 1624 possit.
1593 1540 1767 1605 Nam
1793 1549 2058 1624 praeter
2080 1537 2388 1604 notitiam
2412 1550 2482 1603 et
2506 1536 2967 1628 cognitionem
2993 1558 3224 1602 rerum

789 1652 873 1716 ad
909 1652 1257 1720 historiam
1289 1652 1434 1721 sive
1465 1654 1992 1721 ecclesiasticam
2039 1653 2183 1720 sive
2226 1655 2572 1738 profanam
2616 1651 3069 1738 spectantium
3112 1654 3230 1737 (de

789 1788 925 1852 qua
957 1792 1029 1832 re
1061 1768 1277 1836 obiter
1307 1768 1467 1835 alibi
1498 1769 1753 1835 dictum
1813 1771 1965 1854 est),
2005 1768 2364 1838 Societatis
2396 1768 2632 1835 notitia
2666 1768 2764 1834 sic
2786 1790 2871 1835 ex
2902 1768 3010 1835 his
3051 1768 3224 1834 scri-

793 1884 921 1968 ptia
953 1884 1201 1948 hauriri
1233 1894 1480 1968 potest,
1515 1895 1593 1949 ut
1617 1906 1953 1969 nusquam
1987 1883 2248 1951 meliuS.
2289 1884 2422 1951 Hic
2466 1882 2645 1952 enim
2689 1895 2831 1951 tota
2870 1883 3227 1969 ignatiana

789 2020 981 2064 mene
1013 2000 1349 2084 panditur3
1386 1999 1496 2065 hic
1530 1999 1777 2084 quibus
1806 2000 1923 2069 ille
1947 2000 2305 2067 momentis
2336 2002 2716 2066 ducebatur
2739 2001 2826 2066 ad
2849 2001 3220 2085 agendum,

793 2116 1037 2196 quibus
1069 2116 1269 2180 etiam
1303 2117 1390 2182 ad
1421 2117 1827 2182 hortandum
1858 2126 1976 2183 aut
2000 2117 2635 2201 reprehendendum
2669 2115 3045 2181 rationibus
3068 2125 3224 2180 ute-

791 2232 1009 2308 hatur,
1053 2229 1892 2297 ostenditur.—Discimus
1917 2231 2028 2296 hic
2058 2252 2194 2315 quo
2226 2229 2451 2297 studio
2493 2229 2763 2296 divinae
2804 2230 3224 2315 amplifican-

793 2348 917 2412 dae
969 2344 1229 2432 gloriae
1281 2345 1581 2432 Ignatius
1633 2347 1974 2432 flagraret,
2032 2368 2168 2430 qua
2221 2346 2547 2413 charitate
2601 2344 2911 2413 homines
2952 2357 3223 2431 propter

793 2464 1013 2528 Deum
1057 2464 1642 2544 complecteretur,
1702 2482 1907 2546 quam
1961 2461 2166 2526 fuerit
2219 2462 2539 2546 prudenS,
2584 2482 2786 2546 quam
2829 2461 3123 2527 tenuerit
3153 2460 3229 2525 in

793 2576 1237 2660 gubernando
1273 2575 1476 2641 animi
1510 2576 2064 2645 moderationem:
2102 2598 2238 2662 quo
2269 2586 2467 2662 pacto
2492 2597 2567 2642 se
2590 2556 2882 2662 gesserit
2905 2598 3059 2642 cum
3087 2575 3234 2641 suis

793 2692 1093 2776 ingenim,
1129 2704 1393 2773 natura,
1428 2691 1679 2759 virtute
1706 2692 2172 2776 dissimilibuS‚
2210 2694 2263 2759 F
2266 2694 2430 2759 abro
2462 2704 2531 2759 et
2563 2692 2839 2779 Borgia,
2877 2691 3128 2759 Lainez
3159 2703 3233 2759 et

797 2804 1201 2893 Rudriguez-i,
1237 2807 1478 2890 Miron,
1508 2807 1778 2875 Oviedo
1804 2819 1923 2874 aut
1951 2808 2323 2888 Bobadilla3
2346 2807 2595 2893 quibus
2618 2830 2736 2875 eos
2760 2806 3035 2874 armarit
3059 2828 3230 2882 con-

793 2921 953 2989 siliis
989 2925 1073 2989 ad
1105 2933 1286 2989 recte
1316 2924 1685 3009 agendum,
1723 2944 1881 2989 cum
1914 2925 2151 3009 procul
2185 2924 2270 2989 ab
2303 2925 2473 2990 urbe
2503 2923 2682 2989 inter
2706 2922 3088 2991 haereticos
3111 2933 3232 2989 aut

789 3041 1109 3105 barbaros
1137 3048 1587 3106 versarentur.
1620 3038 1964 3106 Discimus
1994 3039 2200 3105 etiam
2226 3060 2359 3123 qua
2390 3038 2595 3104 animi
2620 3036 3005 3105 constantia
3027 3036 3230 3103 resti-

797 3153 949 3221 terit
981 3156 1417 3238 poscentibus
1448 3166 1525 3220 ut
1549 3154 1753 3240 aliqui
1778 3178 1818 3223 e
1847 3155 2053 3222 sociis
2077 3156 2164 3222 ad
2189 3155 2610 3241 episcopales
2634 3156 2831 3221 sedes
2855 3157 3230 3222 eveheren-

801 3281 929 3349 tur,
965 3273 1073 3337 vel
1109 3281 1181 3337 ut
1205 3269 1511 3338 Societas
1532 3273 1701 3357 Jesu
1730 3292 1923 3339 sacra
1954 3270 2293 3357 virginum
2317 3291 2666 3356 gynaecea
2691 3270 3103 3337 moderanda
3127 3268 3229 3334 fe-

797 3385 1213 3453 minarumve
1249 3385 1792 3473 procurationem
1825 3386 2222 3473 susciperet.

925 3501 1065 3585 Qui
1097 3502 1340 3589 Ignatii
1374 3503 1693 3590 epistolas
1718 3504 1904 3589 legat
1926 3502 2183 3570 videbit
2209 3504 2513 3590 profecto
2534 3524 2737 3587 quam
2763 3501 3047 3568 comiter
3071 3512 3231 3587 agat

797 3637 953 3681 cun]
985 3617 1322 3699 omnihus,
1359 3640 1562 3704 quam
1598 3621 1879 3699 urbane,
1910 3629 2240 3704 quantum
2273 3617 2749 3687 ecclesiasticis
2773 3628 2893 3684 aut
2923 3617 3231 3684 saecula-

801 3733 981 3801 ribus
1017 3733 1197 3813 viris,
1237 3754 1517 3802 munere
1548 3735 1776 3819 aliquo
1807 3735 2152 3821 praeditiS,
2190 3736 2474 3813 deferat,
2510 3745 2579 3800 et
2611 3744 2687 3798 ut
2714 3756 2756 3799 a
2788 3733 2931 3798 suis
2964 3732 3233 3799 defera-

801 3861 933 3929 tur,
973 3849 1157 3929 velim
1189 3869 1389 3933 quam
1414 3860 1638 3917 servet
1670 3871 1836 3935 erga
1856 3872 2094 3919 omnes
2125 3852 2211 3917 de
2233 3872 2308 3918 se
2330 3852 2509 3918 bene
2540 3849 2819 3915 meritos
2842 3847 3232 3914 diuturnam

801 3977 1117 4049 acceptae
1149 3963 1409 4049 gratiae
1443 3964 1856 4045 memoriam,
1896 3967 2085 4033 nullo
2124 3986 2425 4049 unquam
2460 3976 2766 4050 tempore
2806 3963 3227 4029 morituram.

933 4077 1201 4161 Quibus
1241 4101 1405 4148 sane
1444 4091 1708 4148 mature
1750 4080 2145 4167 perspectis,
2192 4080 2602 4149 concludere
2642 4078 2873 4147 licebit
2913 4078 3234 4165 epistola·
3335 4143 3339 4146 .

805 4213 949 4257 turn
1001 4205 1065 4257 et
1109 4193 1627 4264 instructionum
1671 4196 1792 4265 Sti.
1838 4194 2083 4283 Ignatii
2125 4216 2374 4281 corpus
2414 4194 2773 4262 utilitatem
2817 4216 2954 4261 non
2997 4205 3238 4261 conte-

805 4309 1165 4373 mnendam
1197 4332 1345 4377 esse
1375 4313 1759 4379 allaturum.
