<?xml version="1.0" encoding="UTF-8"?>
<!DOCTYPE html PUBLIC "-//W3C//DTD XHTML 1.0 Transitional//EN"
    "http://www.w3.org/TR/xhtml1/DTD/xhtml1-transitional.dtd">
<html xmlns="http://www.w3.org/1999/xhtml" xml:lang="en" lang="en">
 <head>
  <title>
</title>
<meta http-equiv="Content-Type" content="text/html;charset=utf-8" />
  <meta name='ocr-system' content='tesseract 3.04.00' />
  <meta name='ocr-capabilities' content='ocr_page ocr_carea ocr_par ocr_line ocrx_word'/>
</head>
<body>
  <div class='ocr_page' id='page_1' title='image "./monumentaignati04ignagoog_0375.png"; bbox 0 0 3625 5400; ppageno 0'>
   <div class='ocr_carea' id='block_1_1' title="bbox 600 443 1421 560">
    <p class='ocr_par' dir='ltr' id='par_1_1' title="bbox 600 443 1421 560">
     <span class='ocr_line' id='line_1_1' title="bbox 600 443 1421 560; baseline -0.005 -14"><span class='ocrx_word' id='word_1_1' title='bbox 600 487 703 546; x_wconf 77' lang='lat' dir='ltr'><strong><em>Errsr.</em></strong></span> <span class='ocrx_word' id='word_1_2' title='bbox 726 487 859 559; x_wconf 60' lang='lat' dir='ltr'><strong><em>rra-24</em></strong></span> <span class='ocrx_word' id='word_1_3' title='bbox 878 488 1085 560; x_wconf 73' lang='lat' dir='ltr'><strong><em>Mearu1546</em></strong></span> <span class='ocrx_word' id='word_1_4' title='bbox 1260 443 1264 449; x_wconf 26' lang='grc' dir='ltr'>Ι</span> <span class='ocrx_word' id='word_1_5' title='bbox 1368 485 1421 558; x_wconf 79' lang='lat'><strong><em>³⁶7</em></strong></span> 
     </span>
    </p>
   </div>
   <div class='ocr_carea' id='block_1_2' title="bbox 222 620 1463 1986">
    <p class='ocr_par' dir='ltr' id='par_1_2' title="bbox 233 620 1459 849">
     <span class='ocr_line' id='line_1_2' title="bbox 237 620 1459 731; baseline -0.001 -21"><span class='ocrx_word' id='word_1_6' title='bbox 237 642 440 712; x_wconf 87' lang='lat' dir='ltr'><strong><em>sottoscriuo</em></strong></span> <span class='ocrx_word' id='word_1_7' title='bbox 456 652 579 728; x_wconf 86' lang='lat' dir='ltr'><strong><em>questo</em></strong></span> <span class='ocrx_word' id='word_1_8' title='bbox 595 641 644 710; x_wconf 91' lang='lat' dir='ltr'><strong><em>dil</em></strong></span> <span class='ocrx_word' id='word_1_9' title='bbox 659 641 727 710; x_wconf 88' lang='lat' dir='ltr'><strong><em>mio</em></strong></span> <span class='ocrx_word' id='word_1_10' title='bbox 750 620 863 726; x_wconf 84' lang='lat' dir='ltr'><strong><em>nome,</em></strong></span> <span class='ocrx_word' id='word_1_11' title='bbox 880 653 916 712; x_wconf 90' lang='lat' dir='ltr'><strong><em>et</em></strong></span> <span class='ocrx_word' id='word_1_12' title='bbox 934 642 982 710; x_wconf 88' lang='lat' dir='ltr'><strong><em>dil</em></strong></span> <span class='ocrx_word' id='word_1_13' title='bbox 1002 641 1115 731; x_wconf 89' lang='lat' dir='ltr'><strong><em>sigillo</em></strong></span> <span class='ocrx_word' id='word_1_14' title='bbox 1135 641 1224 710; x_wconf 87' lang='lat' dir='ltr'><strong><em>della</em></strong></span> <span class='ocrx_word' id='word_1_15' title='bbox 1243 641 1459 730; x_wconf 85' lang='lat' dir='ltr'><strong><em>Compagnia</em></strong></span> 
     </span>
     <span class='ocr_line' id='line_1_3' title="bbox 233 759 412 849; baseline 0.006 -23"><span class='ocrx_word' id='word_1_16' title='bbox 233 761 275 827; x_wconf 90' lang='lat' dir='ltr'><strong><em>de</em></strong></span> <span class='ocrx_word' id='word_1_17' title='bbox 287 762 370 849; x_wconf 76' lang='lat' dir='ltr'><strong><em>Jesb</em></strong></span> <span class='ocrx_word' id='word_1_18' title='bbox 386 759 412 827; x_wconf 84' lang='lat'><strong><em>¹.</em></strong></span> 
     </span>
    </p>

    <p class='ocr_par' dir='ltr' id='par_1_3' title="bbox 299 875 1217 960">
     <span class='ocr_line' id='line_1_4' title="bbox 299 875 1217 960; baseline -0.001 -17"><span class='ocrx_word' id='word_1_19' title='bbox 299 877 335 943; x_wconf 92' lang='lat' dir='ltr'><strong><em>ln</em></strong></span> <span class='ocrx_word' id='word_1_20' title='bbox 353 877 472 952; x_wconf 87' lang='lat' dir='ltr'><strong><em>Roma.</em></strong></span> <span class='ocrx_word' id='word_1_21' title='bbox 479 876 536 943; x_wconf 90' lang='lat' dir='ltr'><strong><em>alli</em></strong></span> <span class='ocrx_word' id='word_1_22' title='bbox 552 893 594 944; x_wconf 83' lang='lat'><strong><em>22</em></strong></span> <span class='ocrx_word' id='word_1_23' title='bbox 610 875 762 943; x_wconf 89' lang='lat' dir='ltr'><strong><em>Febraro</em></strong></span> <span class='ocrx_word' id='word_1_24' title='bbox 782 875 877 960; x_wconf 81' lang='lat'><strong><em>1546.</em></strong></span> <span class='ocrx_word' id='word_1_25' title='bbox 1213 944 1217 950; x_wconf 74' lang='grc'><strong>,</strong></span> 
     </span>
    </p>

    <p class='ocr_par' dir='ltr' id='par_1_4' title="bbox 409 983 1389 1079">
     <span class='ocr_line' id='line_1_5' title="bbox 409 983 1389 1079; baseline -0.004 -19"><span class='ocrx_word' id='word_1_26' title='bbox 409 994 493 1060; x_wconf 81' lang='lat' dir='ltr'><strong><em>Don</em></strong></span> <span class='ocrx_word' id='word_1_27' title='bbox 517 1003 530 1032; x_wconf 55' lang='grc' dir='ltr'><strong>θ</strong></span> <span class='ocrx_word' id='word_1_28' title='bbox 553 983 706 1061; x_wconf 68' lang='lat' dir='ltr'><strong><em>lanino</em></strong></span> <span class='ocrx_word' id='word_1_29' title='bbox 728 989 902 1078; x_wconf 87' lang='lat' dir='ltr'><strong><em>preposito</em></strong></span> <span class='ocrx_word' id='word_1_30' title='bbox 918 991 953 1056; x_wconf 92' lang='lat' dir='ltr'><strong><em>di</em></strong></span> <span class='ocrx_word' id='word_1_31' title='bbox 967 991 1001 1057; x_wconf 82' lang='lat' dir='ltr'><strong><em>la</em></strong></span> <span class='ocrx_word' id='word_1_32' title='bbox 1016 990 1232 1078; x_wconf 87' lang='lat' dir='ltr'><strong><em>Compagnia</em></strong></span> <span class='ocrx_word' id='word_1_33' title='bbox 1247 989 1282 1056; x_wconf 91' lang='lat' dir='ltr'><strong><em>di</em></strong></span> <span class='ocrx_word' id='word_1_34' title='bbox 1292 992 1389 1079; x_wconf 77' lang='lat' dir='ltr'><strong><em>Jesil.</em></strong></span> 
     </span>
    </p>

    <p class='ocr_par' dir='ltr' id='par_1_5' title="bbox 237 1105 1460 1311">
     <span class='ocr_line' id='line_1_6' title="bbox 302 1105 1460 1194; baseline -0.002 -20"><span class='ocrx_word' id='word_1_35' title='bbox 302 1108 495 1194; x_wconf 80' lang='lat' dir='ltr'><strong><em>Inscriptio.</em></strong></span> <span class='ocrx_word' id='word_1_36' title='bbox 515 1105 585 1176; x_wconf 73' lang='lat' dir='ltr'><strong><em>‘Al</em></strong></span> <span class='ocrx_word' id='word_1_37' title='bbox 600 1108 705 1174; x_wconf 89' lang='lat' dir='ltr'><strong><em>molto</em></strong></span> <span class='ocrx_word' id='word_1_38' title='bbox 721 1105 796 1176; x_wconf 74' lang='lat' dir='ltr'><strong><em>R.⁶⁰</em></strong></span> <span class='ocrx_word' id='word_1_39' title='bbox 811 1108 876 1176; x_wconf 61' lang='lat'><strong><em>83⁰</em></strong></span> <span class='ocrx_word' id='word_1_40' title='bbox 892 1126 1121 1194; x_wconf 85' lang='lat' dir='ltr'><strong><em>monsegnore</em></strong></span> <span class='ocrx_word' id='word_1_41' title='bbox 1136 1105 1349 1194; x_wconf 84' lang='lat' dir='ltr'><strong><em>Lippaman&#39;,</em></strong></span> <span class='ocrx_word' id='word_1_42' title='bbox 1368 1105 1460 1194; x_wconf 90' lang='lat' dir='ltr'><strong><em>prior</em></strong></span> 
     </span>
     <span class='ocr_line' id='line_1_7' title="bbox 237 1221 925 1311; baseline -0.001 -21"><span class='ocrx_word' id='word_1_43' title='bbox 237 1221 438 1311; x_wconf 87' lang='lat' dir='ltr'><strong><em>dignissimo</em></strong></span> <span class='ocrx_word' id='word_1_44' title='bbox 454 1223 544 1293; x_wconf 81' lang='lat' dir='ltr'><strong><em>della</em></strong></span> <span class='ocrx_word' id='word_1_45' title='bbox 559 1223 702 1306; x_wconf 73' lang='lat' dir='ltr'><strong><em>Triniti,</em></strong></span> <span class='ocrx_word' id='word_1_46' title='bbox 717 1223 752 1290; x_wconf 95' lang='lat' dir='ltr'><strong><em>in</em></strong></span> <span class='ocrx_word' id='word_1_47' title='bbox 768 1222 925 1292; x_wconf 87' lang='lat' dir='ltr'><strong><em>Venetia.</em></strong></span> 
     </span>
    </p>

    <p class='ocr_par' dir='ltr' id='par_1_6' title="bbox 222 1338 1463 1772">
     <span class='ocr_line' id='line_1_8' title="bbox 303 1338 1462 1426; baseline -0.003 -20"><span class='ocrx_word' id='word_1_48' title='bbox 303 1339 372 1406; x_wconf 85' lang='lat' dir='ltr'><strong><em>Sub</em></strong></span> <span class='ocrx_word' id='word_1_49' title='bbox 380 1339 492 1426; x_wconf 87' lang='lat' dir='ltr'><strong><em>finem</em></strong></span> <span class='ocrx_word' id='word_1_50' title='bbox 508 1339 665 1426; x_wconf 85' lang='lat' dir='ltr'><strong><em>epistolae</em></strong></span> <span class='ocrx_word' id='word_1_51' title='bbox 681 1341 720 1405; x_wconf 90' lang='lat' dir='ltr'><strong><em>in</em></strong></span> <span class='ocrx_word' id='word_1_52' title='bbox 737 1339 808 1406; x_wconf 84' lang='lat' dir='ltr'><strong><em>cod.</em></strong></span> <span class='ocrx_word' id='word_1_53' title='bbox 827 1339 949 1406; x_wconf 86' lang='lat' dir='ltr'><strong><em>Paris.</em></strong></span> <span class='ocrx_word' id='word_1_54' title='bbox 968 1341 1103 1426; x_wconf 82' lang='lat' dir='ltr'><strong><em>Questa</em></strong></span> <span class='ocrx_word' id='word_1_55' title='bbox 1117 1339 1137 1405; x_wconf 82' lang='grc' dir='ltr'>ὲ</span> <span class='ocrx_word' id='word_1_56' title='bbox 1153 1339 1186 1407; x_wconf 85' lang='lat' dir='ltr'><strong><em>la</em></strong></span> <span class='ocrx_word' id='word_1_57' title='bbox 1200 1340 1334 1422; x_wconf 87' lang='lat' dir='ltr'><strong><em>lettera,</em></strong></span> <span class='ocrx_word' id='word_1_58' title='bbox 1351 1341 1417 1409; x_wconf 89' lang='lat' dir='ltr'><strong><em>che</em></strong></span> <span class='ocrx_word' id='word_1_59' title='bbox 1438 1338 1462 1404; x_wconf 94' lang='lat' dir='ltr'><strong><em>il</em></strong></span> 
     </span>
     <span class='ocr_line' id='line_1_9' title="bbox 222 1452 1463 1542; baseline -0.003 -18"><span class='ocrx_word' id='word_1_60' title='bbox 222 1457 275 1524; x_wconf 83' lang='grc'><strong><em>’8.</em></strong></span> <span class='ocrx_word' id='word_1_61' title='bbox 296 1454 407 1522; x_wconf 86' lang='lat' dir='ltr'><strong><em>Padre</em></strong></span> <span class='ocrx_word' id='word_1_62' title='bbox 424 1453 547 1524; x_wconf 87' lang='lat' dir='ltr'><strong><em>scrisse</em></strong></span> <span class='ocrx_word' id='word_1_63' title='bbox 562 1477 584 1522; x_wconf 85' lang='lat' dir='ltr'><strong><em>a</em></strong></span> <span class='ocrx_word' id='word_1_64' title='bbox 599 1454 798 1542; x_wconf 87' lang='lat' dir='ltr'>monsignor</span> <span class='ocrx_word' id='word_1_65' title='bbox 818 1453 1009 1541; x_wconf 88' lang='lat' dir='ltr'><strong><em>Lipomani,</em></strong></span> <span class='ocrx_word' id='word_1_66' title='bbox 1032 1452 1145 1541; x_wconf 87' lang='lat' dir='ltr'><strong><em>priore</em></strong></span> <span class='ocrx_word' id='word_1_67' title='bbox 1164 1455 1254 1522; x_wconf 85' lang='lat' dir='ltr'><strong><em>della</em></strong></span> <span class='ocrx_word' id='word_1_68' title='bbox 1274 1453 1405 1522; x_wconf 77' lang='lat' dir='ltr'><strong><em>Triniti</em></strong></span> <span class='ocrx_word' id='word_1_69' title='bbox 1427 1454 1463 1520; x_wconf 92' lang='lat' dir='ltr'><strong><em>in</em></strong></span> 
     </span>
     <span class='ocr_line' id='line_1_10' title="bbox 240 1553 1462 1657; baseline -0.002 -20"><span class='ocrx_word' id='word_1_70' title='bbox 240 1569 396 1649; x_wconf 87' lang='lat' dir='ltr'><strong><em>Venetia,</em></strong></span> <span class='ocrx_word' id='word_1_71' title='bbox 415 1590 434 1636; x_wconf 92' lang='lat' dir='ltr'><strong><em>e</em></strong></span> <span class='ocrx_word' id='word_1_72' title='bbox 456 1569 485 1637; x_wconf 93' lang='lat' dir='ltr'><strong><em>si</em></strong></span> <span class='ocrx_word' id='word_1_73' title='bbox 505 1589 674 1638; x_wconf 88' lang='lat' dir='ltr'><strong><em>conserua</em></strong></span> <span class='ocrx_word' id='word_1_74' title='bbox 696 1569 732 1635; x_wconf 92' lang='lat' dir='ltr'><strong><em>in</em></strong></span> <span class='ocrx_word' id='word_1_75' title='bbox 753 1578 874 1656; x_wconf 79' lang='lat' dir='ltr'><strong><em>questo</em></strong></span> <span class='ocrx_word' id='word_1_76' title='bbox 894 1580 1011 1637; x_wconf 89' lang='lat' dir='ltr'><strong><em>nostro</em></strong></span> <span class='ocrx_word' id='word_1_77' title='bbox 1030 1569 1176 1657; x_wconf 88' lang='lat' dir='ltr'><strong><em>collegio</em></strong></span> <span class='ocrx_word' id='word_1_78' title='bbox 1190 1553 1226 1638; x_wconf 87' lang='lat' dir='ltr'><strong><em>di</em></strong></span> <span class='ocrx_word' id='word_1_79' title='bbox 1246 1569 1363 1651; x_wconf 84' lang='lat' dir='ltr'><strong><em>Nizza3</em></strong></span> <span class='ocrx_word' id='word_1_80' title='bbox 1387 1590 1407 1636; x_wconf 90' lang='lat' dir='ltr'><strong><em>e</em></strong></span> <span class='ocrx_word' id='word_1_81' title='bbox 1427 1570 1462 1636; x_wconf 92' lang='lat' dir='ltr'><strong><em>in</em></strong></span> 
     </span>
     <span class='ocr_line' id='line_1_11' title="bbox 240 1682 1416 1772; baseline 0.001 -22"><span class='ocrx_word' id='word_1_82' title='bbox 240 1685 317 1754; x_wconf 86' lang='lat' dir='ltr'><strong><em>sede</em></strong></span> <span class='ocrx_word' id='word_1_83' title='bbox 333 1687 398 1752; x_wconf 89' lang='lat' dir='ltr'><strong><em>che</em></strong></span> <span class='ocrx_word' id='word_1_84' title='bbox 414 1696 536 1772; x_wconf 88' lang='lat' dir='ltr'><strong><em>questa</em></strong></span> <span class='ocrx_word' id='word_1_85' title='bbox 552 1685 570 1751; x_wconf 77' lang='grc' dir='ltr'>ὲ</span> <span class='ocrx_word' id='word_1_86' title='bbox 587 1686 619 1752; x_wconf 85' lang='lat' dir='ltr'><strong><em>la</em></strong></span> <span class='ocrx_word' id='word_1_87' title='bbox 635 1682 733 1772; x_wconf 87' lang='lat' dir='ltr'><strong><em>copia</em></strong></span> <span class='ocrx_word' id='word_1_88' title='bbox 748 1684 804 1752; x_wconf 89' lang='lat' dir='ltr'><strong><em>del</em></strong></span> <span class='ocrx_word' id='word_1_89' title='bbox 819 1707 902 1754; x_wconf 89' lang='lat' dir='ltr'><strong><em>vero</em></strong></span> <span class='ocrx_word' id='word_1_90' title='bbox 918 1684 1095 1772; x_wconf 85' lang='lat' dir='ltr'>originale,</span> <span class='ocrx_word' id='word_1_91' title='bbox 1109 1683 1139 1752; x_wconf 87' lang='lat' dir='ltr'><strong><em>si</em></strong></span> <span class='ocrx_word' id='word_1_92' title='bbox 1154 1684 1416 1753; x_wconf 87' lang='lat' dir='ltr'><strong><em>sottoscriuono:</em></strong></span> 
     </span>
    </p>

    <p class='ocr_par' dir='ltr' id='par_1_7' title="bbox 518 1799 1286 1986">
     <span class='ocr_line' id='line_1_12' title="bbox 518 1799 1286 1887; baseline 0.003 -20"><span class='ocrx_word' id='word_1_93' title='bbox 518 1801 657 1870; x_wconf 83' lang='lat' dir='ltr'><strong><em>Ennrco</em></strong></span> <span class='ocrx_word' id='word_1_94' title='bbox 676 1801 868 1869; x_wconf 78' lang='lat' dir='ltr'><strong><em>Rarunuur</em></strong></span> <span class='ocrx_word' id='word_1_95' title='bbox 885 1801 975 1868; x_wconf 89' lang='lat' dir='ltr'><strong><em>della</em></strong></span> <span class='ocrx_word' id='word_1_96' title='bbox 990 1802 1130 1887; x_wconf 80' lang='lat' dir='ltr'><strong><em>comp·</em></strong></span> <span class='ocrx_word' id='word_1_97' title='bbox 1141 1799 1177 1868; x_wconf 91' lang='lat' dir='ltr'><strong><em>di</em></strong></span> <span class='ocrx_word' id='word_1_98' title='bbox 1191 1802 1286 1869; x_wconf 77' lang='lat' dir='ltr'><strong><em>Geso</em></strong></span> 
     </span>
     <span class='ocr_line' id='line_1_13' title="bbox 691 1915 1108 1986; baseline 0.005 -5"><span class='ocrx_word' id='word_1_99' title='bbox 691 1916 844 1984; x_wconf 83' lang='lat' dir='ltr'><strong><em>Preietto</em></strong></span> <span class='ocrx_word' id='word_1_100' title='bbox 859 1917 949 1986; x_wconf 87' lang='lat' dir='ltr'><strong><em>della</em></strong></span> <span class='ocrx_word' id='word_1_101' title='bbox 963 1915 1108 1984; x_wconf 89' lang='lat' dir='ltr'><strong><em>chiessa.</em></strong></span> 
     </span>
    </p>
   </div>
   <div class='ocr_carea' id='block_1_3' title="bbox 376 2226 1308 2418">
    <p class='ocr_par' dir='ltr' id='par_1_8' title="bbox 376 2226 1308 2418">
     <span class='ocr_line' id='line_1_14' title="bbox 376 2226 1308 2315; baseline 0.004 -27"><span class='ocrx_word' id='word_1_102' title='bbox 376 2283 377 2286; x_wconf 36' lang='lat'><strong><em>.</em></strong></span> <span class='ocrx_word' id='word_1_103' title='bbox 407 2227 559 2294; x_wconf 83' lang='lat' dir='ltr'>PATER</span> <span class='ocrx_word' id='word_1_104' title='bbox 578 2226 791 2315; x_wconf 87' lang='lat' dir='ltr'>JACOBUS</span> <span class='ocrx_word' id='word_1_105' title='bbox 815 2227 1048 2298; x_wconf 86' lang='lat' dir='ltr'>LHOSTIUS</span> <span class='ocrx_word' id='word_1_106' title='bbox 1072 2229 1134 2295; x_wconf 86' lang='lat' dir='ltr'><strong><em>EX</em></strong></span> <span class='ocrx_word' id='word_1_107' title='bbox 1157 2227 1308 2296; x_wconf 86' lang='lat' dir='ltr'><strong><em>COMM.</em></strong></span> 
     </span>
     <span class='ocr_line' id='line_1_15' title="bbox 561 2357 1146 2418; baseline 0.007 -4"><span class='ocrx_word' id='word_1_108' title='bbox 561 2358 681 2415; x_wconf 79' lang='lat' dir='ltr'><strong><em>earm</em></strong></span> <span class='ocrx_word' id='word_1_109' title='bbox 692 2357 894 2418; x_wconf 77' lang='lat' dir='ltr'><strong><em>consumo</em></strong></span> <span class='ocrx_word' id='word_1_110' title='bbox 912 2357 1146 2418; x_wconf 76' lang='lat' dir='ltr'><strong><em>vrsnsvaso</em></strong></span> 
     </span>
    </p>
   </div>
   <div class='ocr_carea' id='block_1_4' title="bbox 244 2486 1471 2675">
    <p class='ocr_par' dir='ltr' id='par_1_9' title="bbox 244 2486 1471 2675">
     <span class='ocr_line' id='line_1_16' title="bbox 670 2486 1311 2558; baseline 0 -18"><span class='ocrx_word' id='word_1_111' title='bbox 670 2497 758 2541; x_wconf 74' lang='lat' dir='ltr'><strong><em>noua</em></strong></span> <span class='ocrx_word' id='word_1_112' title='bbox 771 2499 806 2555; x_wconf 90' lang='lat'><strong><em>24</em></strong></span> <span class='ocrx_word' id='word_1_113' title='bbox 818 2486 1009 2556; x_wconf 74' lang='lat' dir='ltr'><strong><em>unaru1546</em></strong></span> <span class='ocrx_word' id='word_1_114' title='bbox 1022 2487 1043 2540; x_wconf 89' lang='lat'><strong><em>¹.</em></strong></span> <span class='ocrx_word' id='word_1_115' title='bbox 1308 2555 1311 2558; x_wconf 7' lang='grc' dir='ltr'><strong><em>ἦ</em></strong></span> 
     </span>
     <span class='ocr_line' id='line_1_17' title="bbox 244 2591 1471 2675; baseline 0 -19"><span class='ocrx_word' id='word_1_116' title='bbox 244 2601 401 2656; x_wconf 77' lang='lat' dir='ltr'><strong><em>Sociorum</em></strong></span> <span class='ocrx_word' id='word_1_117' title='bbox 414 2601 543 2666; x_wconf 86' lang='lat' dir='ltr'><strong><em>litteras,</em></strong></span> <span class='ocrx_word' id='word_1_118' title='bbox 560 2591 688 2656; x_wconf 77' lang='lat' dir='ltr'><strong><em>Lovanii</em></strong></span> <span class='ocrx_word' id='word_1_119' title='bbox 701 2601 967 2665; x_wconf 78' lang='lat' dir='ltr'><strong><em>commorantium,</em></strong></span> <span class='ocrx_word' id='word_1_120' title='bbox 977 2602 1129 2657; x_wconf 82' lang='lat' dir='ltr'><strong><em>desiderat</em></strong></span> <span class='ocrx_word' id='word_1_121' title='bbox 1139 2600 1376 2675; x_wconf 70' lang='lat' dir='ltr'><strong><em>[gnatius-De</em></strong></span> <span class='ocrx_word' id='word_1_122' title='bbox 1385 2602 1471 2658; x_wconf 87' lang='lat' dir='ltr'><strong><em>rebus</em></strong></span> 
     </span>
    </p>
   </div>
   <div class='ocr_carea' id='block_1_5' title="bbox 266 2689 1473 3030">
    <p class='ocr_par' dir='ltr' id='par_1_10' title="bbox 266 2689 1473 3030">
     <span class='ocr_line' id='line_1_18' title="bbox 266 2689 1473 2765; baseline 0 -19"><span class='ocrx_word' id='word_1_123' title='bbox 266 2708 269 2717; x_wconf 93' lang='lat'>·</span> <span class='ocrx_word' id='word_1_124' title='bbox 299 2691 408 2747; x_wconf 81' lang='lat' dir='ltr'><strong><em>indicis</em></strong></span> <span class='ocrx_word' id='word_1_125' title='bbox 420 2691 501 2747; x_wconf 81' lang='lat' dir='ltr'><strong><em>idem</em></strong></span> <span class='ocrx_word' id='word_1_126' title='bbox 515 2690 641 2747; x_wconf 88' lang='lat' dir='ltr'><strong><em>Patrem</em></strong></span> <span class='ocrx_word' id='word_1_127' title='bbox 661 2689 814 2746; x_wconf 80' lang='lat' dir='ltr'><strong><em>Llrostium</em></strong></span> <span class='ocrx_word' id='word_1_128' title='bbox 824 2689 912 2762; x_wconf 77' lang='lat' dir='ltr'><strong><em>jubet</em></strong></span> <span class='ocrx_word' id='word_1_129' title='bbox 928 2689 1189 2749; x_wconf 79' lang='lat' dir='ltr'><strong><em>scribere-Scire</em></strong></span> <span class='ocrx_word' id='word_1_130' title='bbox 1211 2691 1304 2747; x_wconf 90' lang='lat' dir='ltr'><strong><em>etiam</em></strong></span> <span class='ocrx_word' id='word_1_131' title='bbox 1317 2695 1387 2747; x_wconf 86' lang='lat' dir='ltr'><strong><em>avet</em></strong></span> <span class='ocrx_word' id='word_1_132' title='bbox 1398 2692 1473 2765; x_wconf 81' lang='lat' dir='ltr'><strong><em>quid</em></strong></span> 
     </span>
     <span class='ocr_line' id='line_1_19' title="bbox 297 2779 1473 2853; baseline 0.001 -19"><span class='ocrx_word' id='word_1_133' title='bbox 297 2781 370 2835; x_wconf 86' lang='lat' dir='ltr'><strong><em>socii</em></strong></span> <span class='ocrx_word' id='word_1_134' title='bbox 381 2780 567 2836; x_wconf 76' lang='lat' dir='ltr'><strong><em>lovanienses</em></strong></span> <span class='ocrx_word' id='word_1_135' title='bbox 577 2784 687 2853; x_wconf 84' lang='lat' dir='ltr'><strong><em>agant,</em></strong></span> <span class='ocrx_word' id='word_1_136' title='bbox 700 2782 847 2852; x_wconf 83' lang='lat' dir='ltr'><strong><em>quomodo</em></strong></span> <span class='ocrx_word' id='word_1_137' title='bbox 859 2780 976 2845; x_wconf 84' lang='lat' dir='ltr'><strong><em>vivant,</em></strong></span> <span class='ocrx_word' id='word_1_138' title='bbox 993 2785 1098 2835; x_wconf 78' lang='lat' dir='ltr'><strong><em>atrurn</em></strong></span> <span class='ocrx_word' id='word_1_139' title='bbox 1106 2784 1181 2852; x_wconf 85' lang='lat' dir='ltr'><strong><em>pace</em></strong></span> <span class='ocrx_word' id='word_1_140' title='bbox 1198 2779 1350 2845; x_wconf 70' lang='lat' dir='ltr'><strong><em>fruantur</em></strong></span> <span class='ocrx_word' id='word_1_141' title='bbox 1365 2785 1395 2837; x_wconf 86' lang='lat' dir='ltr'><strong><em>et</em></strong></span> <span class='ocrx_word' id='word_1_142' title='bbox 1410 2780 1473 2836; x_wconf 84' lang='lat' dir='ltr'><strong><em>uir·</em></strong></span> 
     </span>
     <span class='ocr_line' id='line_1_20' title="bbox 297 2869 1472 2942; baseline 0.002 -21"><span class='ocrx_word' id='word_1_143' title='bbox 297 2872 398 2924; x_wconf 87' lang='lat' dir='ltr'><strong><em>tntum</em></strong></span> <span class='ocrx_word' id='word_1_144' title='bbox 406 2870 627 2941; x_wconf 74' lang='lat' dir='ltr'><strong><em>incrementum</em></strong></span> <span class='ocrx_word' id='word_1_145' title='bbox 634 2869 856 2941; x_wconf 74' lang='lat' dir='ltr'><strong><em>faciant-Ad</em></strong></span> <span class='ocrx_word' id='word_1_146' title='bbox 867 2869 1035 2941; x_wconf 86' lang='lat' dir='ltr'><strong><em>perfectam</em></strong></span> <span class='ocrx_word' id='word_1_147' title='bbox 1047 2869 1128 2924; x_wconf 83' lang='lat' dir='ltr'><strong><em>uitae</em></strong></span> <span class='ocrx_word' id='word_1_148' title='bbox 1137 2869 1321 2926; x_wconf 65' lang='lat' dir='ltr'><strong><em>christianae</em></strong></span> <span class='ocrx_word' id='word_1_149' title='bbox 1332 2870 1472 2942; x_wconf 89' lang='lat' dir='ltr'><strong><em>formam</em></strong></span> 
     </span>
     <span class='ocr_line' id='line_1_21' title="bbox 300 2958 1282 3030; baseline 0.001 -19"><span class='ocrx_word' id='word_1_150' title='bbox 300 2958 431 3014; x_wconf 79' lang='lat' dir='ltr'><strong><em>moribus</em></strong></span> <span class='ocrx_word' id='word_1_151' title='bbox 443 2958 673 3030; x_wconf 73' lang='lat' dir='ltr'><strong><em>exprimendam</em></strong></span> <span class='ocrx_word' id='word_1_152' title='bbox 685 2958 837 3013; x_wconf 84' lang='lat' dir='ltr'><strong><em>hortatur.</em></strong></span> <span class='ocrx_word' id='word_1_153' title='bbox 845 2958 996 3013; x_wconf 86' lang='lat' dir='ltr'><strong><em>-Amioos</em></strong></span> <span class='ocrx_word' id='word_1_154' title='bbox 1009 2958 1145 3013; x_wconf 74' lang='lat' dir='ltr'><strong><em>Lhostim</em></strong></span> <span class='ocrx_word' id='word_1_155' title='bbox 1156 2958 1282 3014; x_wconf 84' lang='lat' dir='ltr'><strong><em>salutat.</em></strong></span> 
     </span>
    </p>
   </div>
   <div class='ocr_carea' id='block_1_6' title="bbox 189 3073 1477 3405">
    <p class='ocr_par' dir='ltr' id='par_1_11' title="bbox 189 3073 1477 3405">
     <span class='ocr_line' id='line_1_22' title="bbox 315 3073 1475 3161; baseline 0 -20"><span class='ocrx_word' id='word_1_156' title='bbox 315 3074 409 3160; x_wconf 85' lang='lat' dir='ltr'><strong><em>Quid</em></strong></span> <span class='ocrx_word' id='word_1_157' title='bbox 421 3094 525 3144; x_wconf 89' lang='lat' dir='ltr'><strong><em>cause</em></strong></span> <span class='ocrx_word' id='word_1_158' title='bbox 536 3074 592 3156; x_wconf 90' lang='lat' dir='ltr'><strong><em>sit,</em></strong></span> <span class='ocrx_word' id='word_1_159' title='bbox 606 3074 747 3142; x_wconf 88' lang='lat' dir='ltr'><strong><em>curiam</em></strong></span> <span class='ocrx_word' id='word_1_160' title='bbox 763 3075 807 3143; x_wconf 86' lang='lat' dir='ltr'><strong><em>ab</em></strong></span> <span class='ocrx_word' id='word_1_161' title='bbox 819 3077 982 3161; x_wconf 89' lang='lat' dir='ltr'><strong><em>Augusto</em></strong></span> <span class='ocrx_word' id='word_1_162' title='bbox 997 3073 1084 3142; x_wconf 92' lang='lat' dir='ltr'><strong><em>nihil</em></strong></span> <span class='ocrx_word' id='word_1_163' title='bbox 1092 3074 1266 3142; x_wconf 86' lang='lat' dir='ltr'><strong><em>literarum</em></strong></span> <span class='ocrx_word' id='word_1_164' title='bbox 1279 3074 1475 3161; x_wconf 80' lang='lat' dir='ltr'><strong><em>accepimus</em></strong></span> 
     </span>
     <span class='ocr_line' id='line_1_23' title="bbox 249 3189 1476 3276; baseline 0 -20"><span class='ocrx_word' id='word_1_165' title='bbox 249 3214 270 3256; x_wconf 91' lang='lat' dir='ltr'><strong><em>a</em></strong></span> <span class='ocrx_word' id='word_1_166' title='bbox 287 3202 320 3259; x_wconf 83' lang='lat' dir='ltr'><strong><em>te</em></strong></span> <span class='ocrx_word' id='word_1_167' title='bbox 335 3201 395 3257; x_wconf 86' lang='lat' dir='ltr'><strong><em>aut</em></strong></span> <span class='ocrx_word' id='word_1_168' title='bbox 411 3210 584 3276; x_wconf 87' lang='lat' dir='ltr'><strong><em>quoquam</em></strong></span> <span class='ocrx_word' id='word_1_169' title='bbox 599 3212 619 3259; x_wconf 89' lang='lat' dir='ltr'><strong><em>e</em></strong></span> <span class='ocrx_word' id='word_1_170' title='bbox 639 3189 813 3258; x_wconf 85' lang='lat' dir='ltr'><strong><em>sodalibus</em></strong></span> <span class='ocrx_word' id='word_1_171' title='bbox 831 3189 1046 3276; x_wconf 87' lang='lat' dir='ltr'><strong><em>ignoramus,</em></strong></span> <span class='ocrx_word' id='word_1_172' title='bbox 1064 3190 1129 3257; x_wconf 90' lang='lat' dir='ltr'><strong><em>nisi</em></strong></span> <span class='ocrx_word' id='word_1_173' title='bbox 1150 3192 1242 3276; x_wconf 89' lang='lat' dir='ltr'><strong><em>quod</em></strong></span> <span class='ocrx_word' id='word_1_174' title='bbox 1259 3190 1399 3257; x_wconf 87' lang='lat' dir='ltr'><strong><em>forsitan</em></strong></span> <span class='ocrx_word' id='word_1_175' title='bbox 1422 3191 1476 3256; x_wconf 91' lang='lat' dir='ltr'><strong><em>in·</em></strong></span> 
     </span>
     <span class='ocr_line' id='line_1_24' title="bbox 189 3296 1477 3405; baseline 0 -34"><span class='ocrx_word' id='word_1_176' title='bbox 189 3296 199 3317; x_wconf 90' lang='lat'>&#39;</span> <span class='ocrx_word' id='word_1_177' title='bbox 253 3316 442 3405; x_wconf 84' lang='lat' dir='ltr'><strong><em>terceptum</em></strong></span> <span class='ocrx_word' id='word_1_178' title='bbox 459 3304 515 3389; x_wconf 90' lang='lat' dir='ltr'><strong><em>sit,</em></strong></span> <span class='ocrx_word' id='word_1_179' title='bbox 534 3306 624 3391; x_wconf 89' lang='lat' dir='ltr'><strong><em>quod</em></strong></span> <span class='ocrx_word' id='word_1_180' title='bbox 641 3304 823 3391; x_wconf 85' lang='lat' dir='ltr'><strong><em>scripsistis</em></strong></span> <span class='ocrx_word' id='word_1_181' title='bbox 838 3305 864 3373; x_wconf 75' lang='lat'><strong><em>³.</em></strong></span> <span class='ocrx_word' id='word_1_182' title='bbox 882 3307 1016 3373; x_wconf 83' lang='lat' dir='ltr'><strong><em>Interea</em></strong></span> <span class='ocrx_word' id='word_1_183' title='bbox 1031 3304 1131 3373; x_wconf 89' lang='lat' dir='ltr'><strong><em>iussit</em></strong></span> <span class='ocrx_word' id='word_1_184' title='bbox 1146 3304 1305 3372; x_wconf 90' lang='lat' dir='ltr'><strong><em>dominus</em></strong></span> <span class='ocrx_word' id='word_1_185' title='bbox 1322 3304 1477 3393; x_wconf 85' lang='lat' dir='ltr'><strong><em>Ignatius</em></strong></span> 
     </span>
    </p>
   </div>
   <div class='ocr_carea' id='block_1_7' title="bbox 262 3527 1479 3688">
    <p class='ocr_par' dir='ltr' id='par_1_12' title="bbox 262 3527 1479 3688">
     <span class='ocr_line' id='line_1_25' title="bbox 304 3527 1479 3599; baseline -0.003 -15"><span class='ocrx_word' id='word_1_186' title='bbox 304 3545 316 3572; x_wconf 77' lang='lat' dir='ltr'><strong><em>e</em></strong></span> <span class='ocrx_word' id='word_1_187' title='bbox 336 3528 359 3584; x_wconf 90' lang='lat' dir='ltr'><strong><em>Il</em></strong></span> <span class='ocrx_word' id='word_1_188' title='bbox 373 3529 440 3584; x_wconf 90' lang='lat' dir='ltr'><strong><em>Don</em></strong></span> <span class='ocrx_word' id='word_1_189' title='bbox 453 3528 526 3584; x_wconf 84' lang='lat' dir='ltr'><strong><em>ibid.</em></strong></span> <span class='ocrx_word' id='word_1_190' title='bbox 539 3532 568 3585; x_wconf 84' lang='lat' dir='ltr'><strong><em>et</em></strong></span> <span class='ocrx_word' id='word_1_191' title='bbox 579 3529 614 3583; x_wconf 86' lang='lat' dir='ltr'><strong><em>in</em></strong></span> <span class='ocrx_word' id='word_1_192' title='bbox 628 3529 708 3583; x_wconf 86' lang='lat' dir='ltr'><strong><em>«cod.</em></strong></span> <span class='ocrx_word' id='word_1_193' title='bbox 728 3528 848 3583; x_wconf 76' lang='lat' dir='ltr'><strong><em>Paris».</em></strong></span> <span class='ocrx_word' id='word_1_194' title='bbox 889 3530 935 3571; x_wconf 76' lang='lat' dir='ltr'><strong><em>-s</em></strong></span> <span class='ocrx_word' id='word_1_195' title='bbox 951 3528 1153 3584; x_wconf 74' lang='lat' dir='ltr'><strong><em>Desideratus</em></strong></span> <span class='ocrx_word' id='word_1_196' title='bbox 1170 3528 1329 3599; x_wconf 76' lang='lat' dir='ltr'><strong><em>inscriptio</em></strong></span> <span class='ocrx_word' id='word_1_197' title='bbox 1347 3529 1380 3582; x_wconf 86' lang='lat' dir='ltr'><strong><em>in</em></strong></span> <span class='ocrx_word' id='word_1_198' title='bbox 1397 3527 1479 3582; x_wconf 77' lang='lat' dir='ltr'><strong><em>«cod.</em></strong></span> 
     </span>
     <span class='ocr_line' id='line_1_26' title="bbox 262 3618 495 3688; baseline 0 -17"><span class='ocrx_word' id='word_1_199' title='bbox 262 3618 372 3683; x_wconf 73' lang='lat' dir='ltr'><strong><em>Viuit,</em></strong></span> <span class='ocrx_word' id='word_1_200' title='bbox 386 3636 417 3674; x_wconf 92' lang='lat' dir='ltr'><strong><em>n.</em></strong></span> <span class='ocrx_word' id='word_1_201' title='bbox 433 3631 495 3688; x_wconf 77' lang='lat'><strong><em>77.»</em></strong></span> 
     </span>
    </p>
   </div>
   <div class='ocr_carea' id='block_1_8' title="bbox 256 3750 466 3759">
    <p class='ocr_par' dir='ltr' id='par_1_13' title="bbox 256 3750 466 3759">
     <span class='ocr_line' id='line_1_27' title="bbox 256 3750 466 3759; baseline 0 0"><span class='ocrx_word' id='word_1_202' title='bbox 256 3750 466 3759; x_wconf 44' lang='lat' dir='ltr'>a———Q</span> 
     </span>
    </p>
   </div>
   <div class='ocr_carea' id='block_1_9' title="bbox 256 3821 1492 4785">
    <p class='ocr_par' dir='ltr' id='par_1_14' title="bbox 256 3821 1483 4074">
     <span class='ocr_line' id='line_1_28' title="bbox 307 3821 1483 3895; baseline -0.003 -17"><span class='ocrx_word' id='word_1_203' title='bbox 307 3828 318 3857; x_wconf 80' lang='lat'>²</span> <span class='ocrx_word' id='word_1_204' title='bbox 356 3822 403 3878; x_wconf 85' lang='lat' dir='ltr'><strong><em>Ci.</em></strong></span> <span class='ocrx_word' id='word_1_205' title='bbox 418 3821 603 3893; x_wconf 59' lang='lat' dir='ltr'><strong><em>Focaneus</em></strong></span> <span class='ocrx_word' id='word_1_206' title='bbox 618 3822 743 3891; x_wconf 69' lang='lat' dir='ltr'><strong><em>Claram,</em></strong></span> <span class='ocrx_word' id='word_1_207' title='bbox 759 3824 858 3895; x_wconf 81' lang='lat'><strong><em>1,172;</em></strong></span> <span class='ocrx_word' id='word_1_208' title='bbox 877 3823 1109 3892; x_wconf 72' lang='lat' dir='ltr'><strong><em>Rmaonnararl,</em></strong></span> <span class='ocrx_word' id='word_1_209' title='bbox 1130 3822 1219 3878; x_wconf 81' lang='lat' dir='ltr'><strong><em>Modo</em></strong></span> <span class='ocrx_word' id='word_1_210' title='bbox 1235 3824 1271 3877; x_wconf 81' lang='lat' dir='ltr'><strong><em>de</em></strong></span> <span class='ocrx_word' id='word_1_211' title='bbox 1284 3821 1430 3894; x_wconf 75' lang='lat' dir='ltr'><strong><em>gotterno</em></strong></span> <span class='ocrx_word' id='word_1_212' title='bbox 1447 3821 1483 3875; x_wconf 81' lang='lat' dir='ltr'><strong><em>de</em></strong></span> 
     </span>
     <span class='ocr_line' id='line_1_29' title="bbox 256 3910 1483 3985; baseline -0.002 -19"><span class='ocrx_word' id='word_1_213' title='bbox 256 3912 297 3965; x_wconf 87' lang='lat' dir='ltr'><strong><em>N.</em></strong></span> <span class='ocrx_word' id='word_1_214' title='bbox 312 3910 343 3966; x_wconf 88' lang='lat' dir='ltr'><strong><em>S.</em></strong></span> <span class='ocrx_word' id='word_1_215' title='bbox 358 3910 473 3975; x_wconf 76' lang='lat' dir='ltr'><strong><em>Patre,</em></strong></span> <span class='ocrx_word' id='word_1_216' title='bbox 487 3926 553 3983; x_wconf 87' lang='lat' dir='ltr'><strong><em>cap.</em></strong></span> <span class='ocrx_word' id='word_1_217' title='bbox 572 3911 626 3977; x_wconf 88' lang='lat' dir='ltr'><strong><em>VI,</em></strong></span> <span class='ocrx_word' id='word_1_218' title='bbox 644 3930 674 3967; x_wconf 91' lang='lat' dir='ltr'><strong><em>n.</em></strong></span> <span class='ocrx_word' id='word_1_219' title='bbox 694 3910 738 3966; x_wconf 82' lang='lat'><strong><em>23.</em></strong></span> <span class='ocrx_word' id='word_1_220' title='bbox 757 3912 945 3968; x_wconf 85' lang='lat' dir='ltr'><strong><em>Monumenta</em></strong></span> <span class='ocrx_word' id='word_1_221' title='bbox 963 3913 1046 3985; x_wconf 83' lang='lat' dir='ltr'><strong><em>plura</em></strong></span> <span class='ocrx_word' id='word_1_222' title='bbox 1061 3910 1099 3967; x_wconf 91' lang='lat' dir='ltr'><strong><em>ad</em></strong></span> <span class='ocrx_word' id='word_1_223' title='bbox 1116 3910 1274 3983; x_wconf 78' lang='lat' dir='ltr'><strong><em>collegium</em></strong></span> <span class='ocrx_word' id='word_1_224' title='bbox 1292 3917 1433 3965; x_wconf 85' lang='lat' dir='ltr'><strong><em>venetum</em></strong></span> <span class='ocrx_word' id='word_1_225' title='bbox 1449 3925 1483 3963; x_wconf 89' lang='lat' dir='ltr'><strong><em>ac</em></strong></span> 
     </span>
     <span class='ocr_line' id='line_1_30' title="bbox 257 3996 1483 4074; baseline -0.002 -19"><span class='ocrx_word' id='word_1_226' title='bbox 257 3999 425 4071; x_wconf 86' lang='lat' dir='ltr'><strong><em>patavinum</em></strong></span> <span class='ocrx_word' id='word_1_227' title='bbox 437 4006 527 4071; x_wconf 89' lang='lat' dir='ltr'><strong><em>atque</em></strong></span> <span class='ocrx_word' id='word_1_228' title='bbox 540 3998 576 4055; x_wconf 88' lang='lat' dir='ltr'><strong><em>ad</em></strong></span> <span class='ocrx_word' id='word_1_229' title='bbox 589 3999 686 4072; x_wconf 90' lang='lat' dir='ltr'><strong><em>ipsum</em></strong></span> <span class='ocrx_word' id='word_1_230' title='bbox 703 4000 852 4058; x_wconf 81' lang='lat' dir='ltr'><strong><em>Andream</em></strong></span> <span class='ocrx_word' id='word_1_231' title='bbox 863 4000 1057 4073; x_wconf 88' lang='lat' dir='ltr'><strong><em>Lipomanum</em></strong></span> <span class='ocrx_word' id='word_1_232' title='bbox 1067 4001 1241 4074; x_wconf 82' lang='lat' dir='ltr'><strong><em>spectantia,</em></strong></span> <span class='ocrx_word' id='word_1_233' title='bbox 1252 3998 1324 4054; x_wconf 88' lang='lat' dir='ltr'><strong><em>alias</em></strong></span> <span class='ocrx_word' id='word_1_234' title='bbox 1337 3996 1483 4053; x_wconf 85' lang='lat' dir='ltr'><strong><em>dabimus.</em></strong></span> 
     </span>
    </p>

    <p class='ocr_par' dir='ltr' id='par_1_15' title="bbox 257 4081 1488 4517">
     <span class='ocr_line' id='line_1_31' title="bbox 312 4081 1483 4160; baseline 0.001 -19"><span class='ocrx_word' id='word_1_235' title='bbox 312 4092 318 4121; x_wconf 87' lang='lat'><strong>¹</strong></span> <span class='ocrx_word' id='word_1_236' title='bbox 357 4088 441 4144; x_wconf 87' lang='lat' dir='ltr'><strong><em>Hanc</em></strong></span> <span class='ocrx_word' id='word_1_237' title='bbox 465 4088 618 4160; x_wconf 86' lang='lat' dir='ltr'><strong><em>epistolem</em></strong></span> <span class='ocrx_word' id='word_1_238' title='bbox 650 4088 846 4158; x_wconf 87' lang='lat' dir='ltr'><strong><em>desumimus,</em></strong></span> <span class='ocrx_word' id='word_1_239' title='bbox 869 4081 956 4146; x_wconf 70' lang='lat' dir='ltr'><strong><em>nulla&#39;</em></strong></span> <span class='ocrx_word' id='word_1_240' title='bbox 974 4090 1136 4146; x_wconf 83' lang='lat' dir='ltr'><strong><em>mutatione</em></strong></span> <span class='ocrx_word' id='word_1_241' title='bbox 1158 4089 1254 4159; x_wconf 86' lang='lat' dir='ltr'><strong><em>lacta,</em></strong></span> <span class='ocrx_word' id='word_1_242' title='bbox 1278 4106 1315 4143; x_wconf 81' lang='lat' dir='ltr'><strong><em>ex</em></strong></span> <span class='ocrx_word' id='word_1_243' title='bbox 1337 4088 1483 4155; x_wconf 76' lang='lat' dir='ltr'><strong><em>Hansan,</em></strong></span> 
     </span>
     <span class='ocr_line' id='line_1_32' title="bbox 257 4175 1485 4251; baseline -0.002 -21"><span class='ocrx_word' id='word_1_244' title='bbox 257 4176 431 4233; x_wconf 79' lang='lat' dir='ltr'><strong><em>Rheinisclre</em></strong></span> <span class='ocrx_word' id='word_1_245' title='bbox 444 4176 542 4233; x_wconf 76' lang='lat' dir='ltr'><strong><em>Aleten</em></strong></span> <span class='ocrx_word' id='word_1_246' title='bbox 551 4194 607 4232; x_wconf 83' lang='lat' dir='ltr'><strong><em>sur</em></strong></span> <span class='ocrx_word' id='word_1_247' title='bbox 623 4175 795 4234; x_wconf 81' lang='lat' dir='ltr'><strong><em>Gesclrichte</em></strong></span> <span class='ocrx_word' id='word_1_248' title='bbox 812 4180 862 4234; x_wconf 84' lang='lat' dir='ltr'><strong><em>des</em></strong></span> <span class='ocrx_word' id='word_1_249' title='bbox 877 4178 1140 4251; x_wconf 84' lang='lat' dir='ltr'><strong><em>Jesnitenordens,</em></strong></span> <span class='ocrx_word' id='word_1_250' title='bbox 1159 4194 1242 4250; x_wconf 87' lang='lat' dir='ltr'><strong><em>pags.</em></strong></span> <span class='ocrx_word' id='word_1_251' title='bbox 1264 4176 1358 4247; x_wconf 82' lang='lat'><strong><em>48-50.</em></strong></span> <span class='ocrx_word' id='word_1_252' title='bbox 1380 4176 1485 4230; x_wconf 82' lang='lat' dir='ltr'><strong><em>Exstat</em></strong></span> 
     </span>
     <span class='ocr_line' id='line_1_33' title="bbox 257 4264 1486 4339; baseline -0.001 -20"><span class='ocrx_word' id='word_1_253' title='bbox 257 4267 455 4338; x_wconf 83' lang='lat' dir='ltr'><strong><em>apographum</em></strong></span> <span class='ocrx_word' id='word_1_254' title='bbox 473 4266 504 4322; x_wconf 89' lang='lat' dir='ltr'><strong><em>in</em></strong></span> <span class='ocrx_word' id='word_1_255' title='bbox 520 4266 584 4321; x_wconf 82' lang='lat' dir='ltr'><strong><em>cod.</em></strong></span> <span class='ocrx_word' id='word_1_256' title='bbox 601 4264 705 4322; x_wconf 86' lang='lat' dir='ltr'><strong><em>Coton.</em></strong></span> <span class='ocrx_word' id='word_1_257' title='bbox 720 4267 779 4333; x_wconf 86' lang='lat' dir='ltr'><strong><em>III,</em></strong></span> <span class='ocrx_word' id='word_1_258' title='bbox 799 4266 848 4323; x_wconf 85' lang='lat' dir='ltr'><strong><em>fol.</em></strong></span> <span class='ocrx_word' id='word_1_259' title='bbox 866 4268 910 4335; x_wconf 87' lang='lat'><strong><em>16,</em></strong></span> <span class='ocrx_word' id='word_1_260' title='bbox 924 4267 1001 4323; x_wconf 89' lang='lat' dir='ltr'><strong><em>unde</em></strong></span> <span class='ocrx_word' id='word_1_261' title='bbox 1019 4283 1084 4322; x_wconf 88' lang='lat' dir='ltr'><strong><em>eam</em></strong></span> <span class='ocrx_word' id='word_1_262' title='bbox 1102 4265 1259 4339; x_wconf 80' lang='lat' dir='ltr'><strong><em>descripsit</em></strong></span> <span class='ocrx_word' id='word_1_263' title='bbox 1275 4266 1413 4331; x_wconf 82' lang='lat' dir='ltr'><strong><em>Hansen3</em></strong></span> <span class='ocrx_word' id='word_1_264' title='bbox 1431 4279 1486 4319; x_wconf 88' lang='lat' dir='ltr'><strong><em>nos</em></strong></span> 
     </span>
     <span class='ocr_line' id='line_1_34' title="bbox 258 4346 1488 4429; baseline -0.001 -20"><span class='ocrx_word' id='word_1_265' title='bbox 258 4346 347 4410; x_wconf 87' lang='lat' dir='ltr'><strong><em>etiani</em></strong></span> <span class='ocrx_word' id='word_1_266' title='bbox 359 4371 396 4409; x_wconf 88' lang='lat' dir='ltr'><strong><em>ex</em></strong></span> <span class='ocrx_word' id='word_1_267' title='bbox 409 4354 513 4411; x_wconf 85' lang='lat' dir='ltr'><strong><em>eodem</em></strong></span> <span class='ocrx_word' id='word_1_268' title='bbox 527 4354 608 4411; x_wconf 79' lang='lat' dir='ltr'><strong><em>fonte</em></strong></span> <span class='ocrx_word' id='word_1_269' title='bbox 619 4356 787 4428; x_wconf 85' lang='lat' dir='ltr'><strong><em>exemplum</em></strong></span> <span class='ocrx_word' id='word_1_270' title='bbox 801 4356 992 4428; x_wconf 86' lang='lat' dir='ltr'><strong><em>habebamus,</em></strong></span> <span class='ocrx_word' id='word_1_271' title='bbox 1007 4355 1097 4429; x_wconf 87' lang='lat' dir='ltr'><strong><em>quod,</em></strong></span> <span class='ocrx_word' id='word_1_272' title='bbox 1111 4355 1270 4427; x_wconf 82' lang='lat' dir='ltr'><strong><em>diligenter</em></strong></span> <span class='ocrx_word' id='word_1_273' title='bbox 1287 4355 1363 4411; x_wconf 86' lang='lat' dir='ltr'><strong><em>inter</em></strong></span> <span class='ocrx_word' id='word_1_274' title='bbox 1378 4352 1488 4426; x_wconf 84' lang='lat' dir='ltr'><strong><em>scripta</em></strong></span> 
     </span>
     <span class='ocr_line' id='line_1_35' title="bbox 258 4444 938 4517; baseline 0.001 -19"><span class='ocrx_word' id='word_1_275' title='bbox 258 4450 357 4498; x_wconf 89' lang='lat' dir='ltr'><strong><em>nostra</em></strong></span> <span class='ocrx_word' id='word_1_276' title='bbox 369 4445 545 4517; x_wconf 87' lang='lat' dir='ltr'><strong><em>quaesitum,</em></strong></span> <span class='ocrx_word' id='word_1_277' title='bbox 562 4444 697 4500; x_wconf 89' lang='lat' dir='ltr'><strong><em>invenire</em></strong></span> <span class='ocrx_word' id='word_1_278' title='bbox 710 4460 768 4500; x_wconf 88' lang='lat' dir='ltr'><strong><em>non</em></strong></span> <span class='ocrx_word' id='word_1_279' title='bbox 781 4444 938 4501; x_wconf 88' lang='lat' dir='ltr'><strong><em>valuimus.</em></strong></span> 
     </span>
    </p>

    <p class='ocr_par' dir='ltr' id='par_1_16' title="bbox 258 4531 1492 4785">
     <span class='ocr_line' id='line_1_36' title="bbox 309 4531 1486 4606; baseline 0 -19"><span class='ocrx_word' id='word_1_280' title='bbox 309 4538 320 4566; x_wconf 69' lang='lat'>⁸</span> <span class='ocrx_word' id='word_1_281' title='bbox 358 4533 404 4588; x_wconf 89' lang='lat' dir='ltr'><strong><em>De</em></strong></span> <span class='ocrx_word' id='word_1_282' title='bbox 434 4531 573 4589; x_wconf 88' lang='lat' dir='ltr'><strong><em>Cornelio</em></strong></span> <span class='ocrx_word' id='word_1_283' title='bbox 599 4532 766 4588; x_wconf 88' lang='lat' dir='ltr'><strong><em>Vishavaeo</em></strong></span> <span class='ocrx_word' id='word_1_284' title='bbox 794 4532 942 4606; x_wconf 85' lang='lat' dir='ltr'><strong><em>sociisque</em></strong></span> <span class='ocrx_word' id='word_1_285' title='bbox 969 4532 1192 4589; x_wconf 79' lang='lat' dir='ltr'><strong><em>lovaniensibus</em></strong></span> <span class='ocrx_word' id='word_1_286' title='bbox 1219 4534 1281 4604; x_wconf 84' lang='lat' dir='ltr'><strong><em>agit</em></strong></span> <span class='ocrx_word' id='word_1_287' title='bbox 1304 4534 1486 4602; x_wconf 71' lang='lat' dir='ltr'><strong><em>POLANCUS,</em></strong></span> 
     </span>
     <span class='ocr_line' id='line_1_37' title="bbox 259 4619 1489 4695; baseline 0 -20"><span class='ocrx_word' id='word_1_288' title='bbox 259 4619 382 4685; x_wconf 76' lang='lat' dir='ltr'><strong><em>Cicron,</em></strong></span> <span class='ocrx_word' id='word_1_289' title='bbox 397 4620 421 4691; x_wconf 88' lang='lat'><strong><em>1,</em></strong></span> <span class='ocrx_word' id='word_1_290' title='bbox 433 4634 494 4693; x_wconf 81' lang='lat'><strong><em>244,</em></strong></span> <span class='ocrx_word' id='word_1_291' title='bbox 508 4635 571 4693; x_wconf 83' lang='lat'><strong><em>245.</em></strong></span> <span class='ocrx_word' id='word_1_292' title='bbox 583 4622 630 4678; x_wconf 87' lang='lat' dir='ltr'><strong><em>De</em></strong></span> <span class='ocrx_word' id='word_1_293' title='bbox 640 4620 752 4677; x_wconf 89' lang='lat' dir='ltr'><strong><em>eisdem</em></strong></span> <span class='ocrx_word' id='word_1_294' title='bbox 763 4620 837 4677; x_wconf 83' lang='lat' dir='ltr'><strong><em>infra</em></strong></span> <span class='ocrx_word' id='word_1_295' title='bbox 847 4621 956 4678; x_wconf 88' lang='lat' dir='ltr'><strong><em>redibit</em></strong></span> <span class='ocrx_word' id='word_1_296' title='bbox 965 4638 1072 4690; x_wconf 87' lang='lat' dir='ltr'><strong><em>sermo,</em></strong></span> <span class='ocrx_word' id='word_1_297' title='bbox 1084 4631 1173 4695; x_wconf 85' lang='lat' dir='ltr'><strong><em>atque</em></strong></span> <span class='ocrx_word' id='word_1_298' title='bbox 1183 4621 1221 4678; x_wconf 86' lang='lat' dir='ltr'><strong><em>de</em></strong></span> <span class='ocrx_word' id='word_1_299' title='bbox 1231 4623 1344 4694; x_wconf 86' lang='lat' dir='ltr'><strong><em>Jacobo</em></strong></span> <span class='ocrx_word' id='word_1_300' title='bbox 1355 4619 1489 4690; x_wconf 83' lang='lat' dir='ltr'><strong><em>Lhosti0‚</em></strong></span> 
     </span>
     <span class='ocr_line' id='line_1_38' title="bbox 258 4700 1492 4785; baseline 0.001 -22"><span class='ocrx_word' id='word_1_301' title='bbox 258 4710 380 4781; x_wconf 86' lang='lat' dir='ltr'><strong><em>hujusce</em></strong></span> <span class='ocrx_word' id='word_1_302' title='bbox 393 4710 535 4783; x_wconf 85' lang='lat' dir='ltr'><strong><em>epistolae</em></strong></span> <span class='ocrx_word' id='word_1_303' title='bbox 548 4720 680 4783; x_wconf 87' lang='lat' dir='ltr'><strong><em>auctore,</em></strong></span> <span class='ocrx_word' id='word_1_304' title='bbox 694 4711 744 4784; x_wconf 89' lang='lat' dir='ltr'><strong><em>qui</em></strong></span> <span class='ocrx_word' id='word_1_305' title='bbox 757 4712 827 4767; x_wconf 87' lang='lat' dir='ltr'><strong><em>olim</em></strong></span> <span class='ocrx_word' id='word_1_306' title='bbox 840 4728 952 4767; x_wconf 90' lang='lat' dir='ltr'><strong><em>sacram</em></strong></span> <span class='ocrx_word' id='word_1_307' title='bbox 970 4710 1146 4783; x_wconf 84' lang='lat' dir='ltr'><strong><em>theologiam</em></strong></span> <span class='ocrx_word' id='word_1_308' title='bbox 1165 4700 1316 4785; x_wconf 76' lang='lat' dir='ltr'><strong><em>professus</em></strong></span> <span class='ocrx_word' id='word_1_309' title='bbox 1335 4711 1428 4767; x_wconf 88' lang='lat' dir='ltr'><strong><em>estin</em></strong></span> <span class='ocrx_word' id='word_1_310' title='bbox 1440 4726 1492 4765; x_wconf 88' lang='lat' dir='ltr'><strong><em>no·</em></strong></span> 
     </span>
    </p>
   </div>
   <div class='ocr_carea' id='block_1_10' title="bbox 0 0 1841 5400">
    <p class='ocr_par' dir='ltr' id='par_1_17' title="bbox 0 0 1841 5400">
     <span class='ocr_line' id='line_1_39' title="bbox 0 0 1841 5400; baseline 0 0"><span class='ocrx_word' id='word_1_311' title='bbox 0 0 1841 5400; x_wconf 95' lang='lat' dir='ltr'><strong><em> </em></strong></span> 
     </span>
    </p>
   </div>
  </div>
 </body>
</html>
