3625 5400
452 473 506 531 7¹0
833 458 1040 515 Murmura
1059 458 1239 525 Ianuarius

416 636 436 680 a
465 612 562 681 vobis
588 612 819 699 perferuntur,
846 623 880 677 et
909 621 1023 678 tamen
1045 610 1105 693 iis,
1129 611 1189 696 qui
1213 632 1275 677 vos
1301 610 1338 676 in
1363 612 1484 679 eodem
1512 608 1644 675 domino

411 734 496 820 Jesu
512 728 577 797 X.⁰
593 728 726 795 sincere
741 725 930 813 diligimus
945 726 1135 794 crebriores
1150 727 1281 807 videre,
1298 738 1333 795 et
1348 728 1392 793 de
1407 727 1513 794 rebus
1530 723 1644 791 vestris

415 846 531 933 sepius
546 844 665 911 audire
681 854 818 930 gratum
835 854 939 911 esset.
959 844 1032 910 Nos
1047 843 1077 909 si
1092 841 1208 908 minus
1223 841 1408 929 diligentes
1429 842 1596 908 fuerimus
1613 841 1642 905 in

416 965 481 1027 hoc
503 959 685 1028 scribendi
697 959 825 1040 officio,
848 959 904 1025 vel
925 957 1211 1044 occupationibus
1229 958 1379 1025 adscribi
1398 958 1539 1045 poterit,
1565 979 1642 1042 quae

414 1097 498 1145 sane
514 1079 713 1161 frequentes
729 1085 822 1154 sunt,
840 1074 971 1140 vtinam
991 1096 1060 1141 non
1083 1074 1196 1141 minus
1217 1075 1262 1140 ad
1283 1074 1348 1153 Dei
1369 1074 1515 1161 gloriam
1538 1073 1641 1151 utiles,

415 1194 470 1261 vel
486 1191 600 1280 potius
616 1191 651 1257 id
666 1190 701 1256 in
714 1212 818 1257 causa
830 1201 894 1271 est,
909 1190 1003 1275 quod
1014 1200 1087 1257 tum
1100 1192 1224 1259 fratres
1234 1189 1295 1275 qui
1307 1190 1452 1257 Louanii
1468 1202 1566 1269 sunt,
1580 1200 1644 1255 tum

415 1306 637 1375 charissimus
654 1305 934 1385 sraterdominus
952 1308 1077 1373 Petrus
1092 1305 1294 1388 Chanisius,
1306 1307 1419 1375 solent
1435 1308 1503 1372 hoc
1520 1316 1643 1392 presta·

416 1448 465 1503 re,
480 1444 610 1507 vosque
621 1421 748 1489 nostris
760 1424 804 1490 de
821 1423 924 1488 rebus
940 1422 1104 1489 certiores
1120 1422 1276 1503 reddere;
1289 1422 1346 1488 cui
1362 1422 1464 1489 etiam
1478 1443 1574 1487 nunc
1586 1423 1644 1484 hoc

417 1538 569 1607 muneris
599 1536 839 1623 relinquend0‚
864 1546 998 1603 tantum
1019 1559 1120 1623 agam
1141 1548 1255 1604 tecum
1282 1540 1329 1623 (et
1348 1537 1485 1622 quidem
1506 1537 1641 1624 paucisj,

416 1654 553 1746 domine
569 1652 746 1721 Hadriane
762 1652 797 1719 in
813 1652 878 1722 X.⁰
890 1656 974 1741 Jesu
991 1652 1204 1734 charissime,
1221 1655 1265 1721 de
1280 1654 1483 1733 sacerdotio,
1499 1655 1546 1719 ad
1560 1654 1644 1737 quod

418 1770 550 1857 pridem
566 1770 623 1857 pio
639 1769 814 1854 aspirabas
830 1769 999 1836 desiderio
1012 1772 1061 1853 (vt
1076 1770 1216 1837 credere
1232 1792 1293 1856 par
1308 1771 1384 1853 est),
1399 1770 1493 1835 etde
1508 1791 1579 1853 quo
1593 1790 1641 1834 so

418 1887 523 1973 pitam
539 1884 746 1954 mentionem
763 1883 930 1953 excitauit
945 1884 1036 1951 idem
1053 1886 1101 1952 M.
1129 1886 1255 1953 Petrus
1275 1897 1391 1951 noster
1407 1886 1433 1966 ’ς
1455 1899 1491 1951 et
1511 1884 1641 1971 quidem

419 2001 469 2069 sic
483 2023 597 2088 agam,
616 2012 652 2066 vt
671 2011 818 2067 mentem
836 2002 922 2067 Rev.
948 1999 1060 2085 Patris
1080 2000 1189 2067 nostri
1209 1999 1338 2067 domini
1358 2000 1482 2087 Ignatii
1500 1999 1562 2065 tibi
1585 2002 1643 2065 hac

419 2118 454 2183 in
470 2129 568 2203 parte
584 2117 744 2201 aperiam,
762 2116 847 2182 illud
862 2115 1030 2203 imprimis
1045 2117 1279 2203 proponendo,
1298 2118 1403 2201 quod,
1421 2114 1450 2183 si
1466 2139 1596 2215 morem
1613 2128 1643 2181 et

420 2232 704 2301 consuetudinem
726 2231 833 2318 ipsius
854 2231 890 2297 in
912 2232 1111 2298 vniuersum
1131 2253 1266 2315 queras,
1291 2232 1413 2299 statuit
1428 2243 1568 2300 nostrae
1586 2233 1642 2299 So

420 2348 553 2417 cietatis
573 2348 768 2415 institutum
796 2346 1033 2433 sequentibus,
1056 2348 1236 2414 sacerdotii
1263 2359 1342 2416 ante
1362 2349 1476 2415 studia
1496 2350 1644 2415 absoluta
1724 2316 1725 2349 ³

420 2464 707 2553 probationesque
722 2463 929 2550 multiplices
944 2462 1153 2549 suscipiendi
1170 2475 1344 2531 auctorem
1360 2486 1398 2531 se
1420 2464 1561 2532 minime
1576 2486 1643 2551 pre·

421 2583 515 2661 bere,
534 2582 636 2666 idque
653 2580 769 2646 multis
786 2580 977 2655 rationibus
992 2580 1163 2647 adductus
1177 2581 1311 2661 statuit,
1323 2602 1412 2667 quas
1426 2602 1521 2647 nunc
1537 2601 1643 2667 prose·

421 2695 480 2784 qui
496 2694 532 2762 in
548 2694 663 2762 animo
680 2717 750 2761 non
766 2690 891 2762 habau.
907 2693 962 2762 Fit
979 2706 1094 2762 tamen
1109 2718 1265 2783 persepe,
1280 2709 1318 2762 vt
1333 2699 1567 2784 peculiaribus
1577 2695 1644 2781 qui·
1724 2735 1725 2738 =

423 2813 568 2878 busdam
596 2809 801 2896 rationibus,
827 2793 882 2878 'vel
909 2811 1046 2880 interim
1075 2812 1238 2898 adigente
1260 2815 1407 2898 quadam
1435 2814 1645 2888 necessitate,
1724 2831 1725 2840 ¹

425 2930 514 2994 hanc
530 2927 621 2993 flecti
637 2925 841 2994 sententiam
859 2938 893 2995 et
910 2927 1091 2994 consilium
1107 2928 1233 2995 mutari
1248 2929 1388 2996 omnino
1404 2940 1571 3015 oporteat.
1724 2905 1725 2914 ἵ

493 3045 670 3130 Quantum
688 3044 730 3108 ad
748 3055 782 3110 te
798 3043 921 3110 attinet
937 3065 1050 3129 portu,
1068 3066 1148 3111 cum
1163 3047 1271 3111 multa
1288 3045 1368 3112 hinc
1385 3046 1464 3114 inde
1482 3045 1578 3114 Patri
1591 3063 1645 3109 no
1724 3037 1725 3068 l

427 3170 498 3226 stro
513 3181 550 3227 se
566 3161 723 3239 offerant,
749 3180 837 3245 quae
858 3161 902 3227 ad
923 3159 1104 3227 sacerdotii
1127 3159 1329 3247 dignitatern
1349 3161 1599 3247 suscipiendam
1617 3171 1645 3225 et
1724 3229 1725 3246 χ

428 3274 530 3344 etiarn
546 3273 769 3342 differendam
786 3286 1000 3342 momentum
1015 3277 1180 3356 habeant,
1197 3287 1235 3342 vt
1251 3299 1325 3353 non¹
1336 3278 1380 3342 ad
1391 3299 1465 3344 eam
1483 3290 1519 3345 te
1535 3278 1648 3345 exhor-

429 3390 510 3472 tari,
536 3391 583 3456 ita
610 3413 674 3458 nec
695 3391 739 3456 ab
760 3413 800 3457 ea
822 3392 996 3458 deterrere
1019 3412 1180 3458 securum
1200 3391 1313 3458 ducit:
1344 3392 1426 3477 quin
1449 3391 1567 3478 potius
1588 3410 1647 3456 rem
1724 3429 1725 3432 =

429 3506 503 3586 tibi,
518 3505 705 3591 perspectis
721 3506 892 3588 omnibus,
908 3506 1158 3575 discutiendam
1174 3517 1209 3572 et
1224 3506 1313 3574 serio
1328 3510 1404 3575 De'o
1417 3507 1648 3576 commendan-

415 3625 508 3689 -dam
523 3621 706 3688 existimat.
722 3623 764 3687 Et
781 3622 821 3701 si,
836 3643 916 3688 cum
933 3623 978 3687 ob
994 3624 1112 3688 oculos
1124 3622 1190 3690 Dei
1206 3623 1418 3689 voluntatem
1434 3623 1648 3708 beneplacen·
1724 3683 1725 3690 ,

432 3749 500 3806 tem
522 3748 557 3805 et
578 3738 763 3822 perfectam
785 3737 1021 3823 proposueris,
1044 3737 1078 3803 in
1106 3759 1181 3804 eam
1206 3738 1410 3806 sententiam
1431 3733 1648 3807 descenderis.

433 3866 468 3918 vt
485 3874 563 3922 esse
578 3851 639 3917 tibi
655 3873 769 3919 sacros
785 3852 924 3920 ordines
939 3851 1175 3939 suscipiendos
1192 3853 1383 3933 adducaris,
1393 3856 1483 3922 Rev.
1500 3855 1541 3919 P.
1562 3855 1647 3938 lgna-

433 3969 500 4034 tius
517 3991 584 4034 non
602 3978 695 4034 tuam
712 3969 917 4038 sententiam
934 3967 1152 4054 improbabit,
1170 3967 1254 4052 quin
1275 3968 1388 4055 potius
1408 3969 1439 4037 ei
1455 3968 1647 4042 subscribet,

432 4106 573 4171 sperans
588 4084 727 4152 diuinae
743 4083 980 4171 prouidentiae
995 4083 1182 4170 presidium
1199 4083 1273 4166 tibi,
1295 4085 1450 4152 diuinum
1470 4077 1648 4170 exquirenti

432 4197 697 4286 beneplacitum,
716 4223 793 4269 esse
808 4201 1009 4266 affuturum.
1025 4202 1123 4266 Haec
1138 4199 1245 4287 igitur
1260 4201 1305 4267 de
1320 4200 1427 4286 ipsius
1442 4211 1560 4270 mente
1574 4195 1646 4266 acci·

434 4314 520 4401 pias,
546 4326 581 4381 et
605 4314 706 4381 simul
734 4337 811 4382 curn
839 4315 1044 4382 charissimo
1063 4318 1168 4384 fratre
1195 4315 1333 4383 domino
1360 4317 1540 4384 Leonardo
1564 4321 1576 4353 ³
1600 4331 1651 4379 nos

490 4593 501 4627 ¹
537 4593 644 4648 Petrus
656 4591 803 4648 Canisius.

491 4681 502 4714 ³
538 4681 676 4753 Intellige
689 4682 806 4737 Patrem
819 4682 1003 4738 Leonardum
1018 4683 1195 4739 Kesselium.
