3625 5400
728 514 832 554 πα
1479 502 1894 559 Monunma
1931 502 2286 556 lemmata

656 678 816 738 qua,
852 666 920 718 et
949 652 1019 718 di
1050 654 1295 722 alcune
1336 655 1505 723 altre
1535 674 1697 722 cose
1736 654 1849 722 del
1889 651 2207 741 Signore,
2253 673 2451 721 come
2478 651 2594 722 del
2621 652 2837 718 breue
2876 650 3006 716 che
3045 648 3106 714 si

656 770 696 834 ἐ
736 774 992 835 haunto
1037 769 1198 838 delli
1228 768 1488 856 gindei,
1532 771 1662 838 che
1707 769 1767 835 si
1800 768 2079 855 possino
2124 771 2250 835 far'
2302 764 2658 835 christiani
2690 775 2761 834 et
2793 767 3003 833 tener'
3037 764 3106 830 la

656 886 872 950 rabba
916 886 1060 951 loro
1106 886 1157 966 ²,
1209 893 1289 974 ‘et
1333 886 1443 951 del
1468 886 1678 953 breue
1716 888 1845 952 che
1892 886 1967 953 S.
2006 885 2081 954 S.
2121 886 2212 951 ha
2234 884 2556 950 mandato
2590 881 2779 950 accio
2812 879 2863 946 li
2884 879 3106 947 nostri

656 999 1020 1086 compagni
1052 999 1326 1086 pessino
1357 1003 1568 1067 esser’
1605 1000 1830 1081 nuntii
1863 1001 2063 1067 anch'
2092 999 2164 1066 in
2188 998 2423 1069 Scotia
2454 1000 2505 1079 ⁸3
2533 1008 2605 1065 et
2635 997 2815 1064 della
2854 997 3105 1063 andata

656 1114 720 1178 di
752 1114 1002 1202 cinque
1024 1115 1188 1183 delli
1210 1114 1426 1182 nostri
1459 1137 1500 1182 a
1534 1116 1964 1202 Portuga110,
1998 1126 2069 1182 et
2097 1098 2219 1181 du‘i
2250 1119 2442 1182 costa
2472 1115 2560 1180 da
2589 1111 2726 1179 voi.

788 1234 1059 1298 adesso
1086 1229 1159 1295 ui
1190 1229 1630 1317 replichiamo
1660 1234 1964 1298 anchora
1994 1231 2124 1297 che
2155 1252 2278 1316 per
2295 1231 2367 1319 „la
2397 1228 2620 1316 gratia
2659 1228 2772 1296 del
2811 1227 3104 1314 Signore

660 1350 836 1414 nelle
864 1344 1278 1414 confessioni
1310 1357 1380 1414 et
1420 1331 1814 1413 comunioni
1845 1345 1904 1413 si
1934 1367 2301 1433 perseuera
2332 1343 2625 1412 tuttauia
2656 1353 2726 1411 et
2768 1342 2912 1410 cosi
2942 1341 3105 1408 nelli

656 1460 1012 1544 essercitii3
1050 1475 1119 1529 et
1150 1484 1191 1528 a
1223 1473 1327 1530 tre
1356 1463 1652 1531 hebreae
1684 1464 1856 1529 fatte
1885 1460 2279 1541 christiane,
2315 1483 2452 1528 una
2485 1461 2753 1529 vedoua
2785 1468 2853 1527 et
2884 1457 3104 1523 l'altre

660 1578 792 1646 [lue
828 1578 884 1642 zi
896 1578 1071 1658 telle,
1108 1598 1184 1644 se
1213 1576 1261 1642 li
1292 1579 1331 1644 ἑ
1363 1578 1524 1644 dato
1556 1578 1622 1644 la
1651 1578 1811 1646 dote
1843 1579 1932 1644 da
1963 1577 2303 1645 maritare.

788 1694 900 1758 Un
943 1692 1116 1758 altro
1158 1692 1417 1760 hebreo
1459 1692 1841 1779 bolognese
1879 1696 2109 1759 hanno
2154 1691 2457 1759 mandati
2503 1691 2576 1758 in
2615 1712 2775 1758 casa
2805 1689 2854 1755 il
2893 1690 3101 1756 Card.

664 1810 959 1874 Far-nese
1002 1817 1072 1872 et
1118 1807 1166 1873 il
1212 1808 1417 1874 Card.
1466 1809 1681 1877 Santa
1719 1809 1942 1876 Croce
1973 1827 2103 1874 con
2136 1808 2348 1877 molte
2379 1804 3097 1885 raccommandationi,

656 1926 844 1990 accii:
880 1945 953 1990 se
985 1922 1381 1989 instruischi
1413 1934 1483 1992 et
1515 1923 1572 1991 si
1604 1923 1945 1991 battesmi.
1984 1906 2042 1990 E
2072 1923 2419 2010 publicato
2447 1922 2496 1988 il
2519 1922 2732 1989 breue
2761 1921 2922 1990 delli
2945 1920 3104 2008 giu-

656 2038 764 2102 dei
800 2038 872 2102 in
904 2038 1145 2108 alcune
1177 2037 1341 2105 citta
1374 2037 1440 2104 d’
1473 2037 1687 2119 Italia,
1724 2059 1919 2106 come
1957 2039 2291 2127 Bologna,
2329 2041 2537 2118 Rem,
2574 2037 2894 2117 Modena,
2934 2039 3103 2104 Par-

660 2178 792 2230 ma,
832 2153 1008 2222 nella
1032 2154 1230 2239 quale
1253 2175 1335 2220 ce
1358 2153 1529 2222 sono
1551 2157 1697 2221 fora
1720 2177 1841 2241 per
1864 2154 1911 2220 li
1936 2153 2220 2235 castelli,
2249 2164 2320 2223 et
2343 2154 2402 2222 si
2423 2175 2623 2241 spera
2652 2154 2840 2219 buon
2862 2155 3102 2220 frutto.

792 2270 864 2334 111
896 2291 1057 2336 casa
1087 2291 1257 2337 sono
1290 2270 1516 2338 alcuni
1529 2270 1829 2358 ‘gioueni
1860 2293 1984 2356 per
2012 2271 2079 2349 la
2108 2271 2331 2358 gratia
2361 2271 2473 2337 del
2498 2269 2796 2358 Signore
2829 2289 3102 2336 accom-

656 2382 936 2470 pagnati
967 2384 1036 2450 di
1067 2385 1250 2452 bone
1279 2385 1561 2471 qualita,
1600 2386 1703 2451 fra
1733 2384 1779 2450 li
1813 2385 1997 2470 quali
2017 2407 2096 2453 ce
2120 2386 2159 2454 ὲ
2182 2407 2278 2452 un
2300 2386 2370 2451 d’
2400 2387 2665 2453 Arezzo
2690 2386 2742 2466 ⁴,
2771 2383 3105 2453 servitore

656 2502 764 2566 del
796 2499 1137 2569 cardinale
1167 2501 1237 2566 di
1262 2500 1493 2586 Carpi,
1526 2498 1573 2565 il
1595 2485 1800 2585 quale
1825 2502 1864 2568 e
1890 2512 2150 2568 uenuto
2172 2500 2242 2567 in
2274 2523 2433 2568 casa
2456 2501 2528 2567 in
2552 2502 2705 2567 loco
2728 2499 2800 2566 di
2825 2503 2918 2569 M.
2953 2502 3101 2567 An-

656 2614 820 2678 drea
856 2618 900 2694 ⁵,
940 2616 1068 2682 che
1099 2635 1231 2680 eon
1273 2615 1721 2683 M.·Polanc0
1764 2618 1804 2682 e
1847 2617 2097 2683 andato
2137 2640 2177 2684 a
2218 2616 2447 2683 studio
2487 2615 2559 2683 in
2594 2617 2897 2683 Padoua.
2945 2617 3028 2683 C’
3063 2617 3105 2682 ἑ

656 2732 856 2795 ancli'
896 2752 988 2795 un
1019 2730 1106 2795 da
1140 2731 1460 2815 Modena‚
1497 2732 1632 2800 ben
1664 2732 2082 2817 qualificatO,
2118 2747 2189 2800 et
2220 2732 2291 2799 di
2321 2734 2385 2799 la
2416 2754 2507 2800 ne
2545 2754 2673 2799 son
2710 2754 2830 2820 per
2871 2733 3105 2801 uenire

656 2847 844 2931 degl'
880 2844 1054 2911 altri.
1094 2847 1180 2910 Et
1211 2846 1605 2915 finalmente
1637 2848 1701 2915 le
1736 2848 2024 2916 facende
2065 2849 2176 2917 nel
2225 2847 2521 2935 Signore
2561 2869 2700 2914 non
2741 2867 3105 2927 mancam,

656 2983 764 3027 ma
820 2959 876 3027 si
940 2959 1113 3027 bene
1168 2960 1215 3026 li
1270 2963 1661 3050 compagni,
1707 2963 1959 3050 perche
2000 2985 2130 3051 pur
2170 2965 2414 3033 adesso
2453 2981 2629 3031 sono
2670 2961 2979 3031 ricercati
3019 2962 3104 3028 da

656 3079 732 3143 S.
784 3075 856 3143 S.
904 3077 990 3142 da
1031 3088 1225 3163 parte
1266 3090 1293 3117 ⁸
1333 3078 1510 3147 della
1555 3079 1863 3166 signoria
1904 3079 1972 3146 di
2016 3078 2336 3160 Venetia,
2389 3081 2454 3145 la
2501 3080 2702 3164 quale
2746 3081 2832 3145 ha
2872 3077 3107 3144 scritto

760 3263 788 3291 ι
824 3247 896 3299 da
924 3244 984 3300 S.
1013 3244 1125 3300 δέ*
1162 3262 1267 3301 sua
1293 3245 1367 3300 da
1394 3254 1559 3318 parte
1584 3262 1696 3301 ms,

860 3343 1080 3353 ——-—

656 3379 954 3436 sanatione
1000 3379 1239 3453 antiqua
1272 3380 1598 3453 signatum,
1637 3381 1765 3437 scil.
1804 3399 1864 3437 n.
1904 3395 1937 3436 2
1972 3390 2034 3437 et
2067 3399 2125 3437 n.
2163 3396 2253 3449 50.
2295 3380 2566 3436 Diximus
2601 3380 2789 3436 «forte
2832 3378 3103 3450 origin.»,

652 3471 788 3539 quia
816 3467 1171 3541 subscriptio
1197 3468 1441 3525 forsitan
1477 3469 1557 3525 sit
1591 3487 1766 3525 manu
1802 3470 1868 3525 S.
1905 3469 2118 3541 Ignatii
2153 3469 2329 3538 facta3
2367 3469 2524 3542 quod
2558 3469 2712 3526 scitu
2748 3468 2902 3524 haud
2935 3467 3106 3523 facile

652 3567 760 3627 est,
792 3575 924 3611 curn
953 3566 1180 3613 tantum
1214 3560 1501 3614 habeatur
1526 3559 1574 3613 1.
1604 3559 1734 3614 Hoc
1767 3568 1966 3614 autem
2000 3567 2093 3614 est
2125 3558 2540 3614 certissimum:
2581 3559 2675 3614 vel
2710 3574 2745 3612 a
2779 3558 2844 3612 S.
2881 3556 3107 3629 Ignatio

656 3647 844 3703 fuisse
888 3647 1141 3703 litteram
1178 3647 1205 3701 Ι
1248 3655 1566 3716 exaratam,
1607 3649 1704 3705 vel
1741 3650 1820 3703 ab
1856 3646 2071 3720 alique,
2107 3648 2209 3720 qui
2244 3647 2486 3703 ductum
2533 3646 2868 3718 ignatianae
2906 3663 3110 3701 manus

652 3735 912 3807 apprime
949 3735 1212 3792 imitatus
1246 3736 1682 3801 esa—Carica,
1711 3754 1768 3791 n.
1800 3737 2051 3792 XXXII.

760 3831 780 3859 Ἰ
860 3827 1052 3881 Parum
1080 3825 1165 3879 111
1188 3834 1378 3883 const.
1409 3833 1598 3897 apost.
1630 3824 1970 3899 Cupi-antea,
2002 3839 2066 3882 21
2106 3825 2303 3881 Martii
2342 3838 2501 3896 1542,
2527 3825 2588 3882 in
2613 3842 2727 3897 qua
2757 3826 2937 3881 multa
2965 3824 3107 3897 «pri-

660 3915 872 3983 vilegia
892 3913 1238 3983 judaeorum
1265 3922 1325 3969 et
1370 3914 1718 3984 infidelium,
1754 3914 1829 3969 ad
1873 3915 2219 3970 catholicam
2257 3914 2434 3972 fidem
2472 3932 2540 3971 se
2577 3914 3107 3983 convertentium»,

652 4003 1027 4057 continentur
1050 4009 1111 4057 et
1137 4002 1571 4059 «ordinationes
1596 4004 1751 4058 circa
1776 4020 1979 4058 eorum
2008 4003 2247 4060 vivendi
2274 4004 2546 4059 modum»
2568 4012 2925 4059 statuuntur.
2946 4002 3108 4058 Coc·

656 4102 983 4158 quamam,
1013 4091 1417 4146 Bullarum...
1452 4090 1756 4156 collectio,
1784 4092 1889 4164 IV,
1911 4093 2175 4162 204-206.

760 4183 780 4211 ³
860 4179 1052 4236 Psmu
1077 4181 1163 4235 111
1198 4181 1381 4237 breve
1420 4180 1670 4238 Credita
1704 4182 1893 4246 nobiS,
1921 4182 1975 4236 V
2010 4198 2145 4237 non.
2178 4183 2298 4254 Jul.
2332 4194 2489 4252 1541.
2525 4183 2808 4255 Synopsis
2829 4186 3105 4237 actorum

656 4271 716 4319 S.
752 4267 920 4323 Sedis
945 4268 1010 4323 in
1036 4287 1221 4325 causa
1257 4270 1571 4327 Societatt's
1597 4271 1753 4336 Iesu,
1782 4269 1844 4325 3.
2469 4330 2488 4352 ·

764 4359 784 4391 *
860 4358 1191 4428 Stephanus
1216 4358 1713 4432 Capumsacchus.
1742 4377 1777 4414 a
1802 4360 1988 4431 patria
2012 4360 2208 4417 dictus
2234 4361 2537 4417 AretinuS.

764 4451 784 4479 Ε·
860 4445 1125 4501 Andreas
1146 4447 1408 4505 FrusiuS.
1424 4450 1788 4516 POLANCUS,
1809 4448 2060 4513 Chron„
2082 4450 2129 4515 1,
2146 4449 2237 4520 98:
2262 4449 2518 4505 «Eodem
2537 4466 2744 4506 mense
2762 4448 2951 4522 Aprili
2970 4451 3107 4505 anni

668 4547 796 4603 1542
828 4535 884 4587 in
924 4534 1323 4593 Pataviniensi
1357 4528 1742 4593 universitate
1777 4546 1984 4609 quarta
2020 4538 2230 4593 domus
2263 4537 2577 4594 Societatis
2612 4538 2845 4594 initium
2880 4539 3108 4595 habuit.

656 4623 804 4679 Cum
836 4623 989 4679 enim
1017 4624 1192 4681 Pater
1210 4626 1474 4696 Ignatius
1501 4624 1798 4680 Audi-eam
1825 4626 2095 4683 Frusiam
2122 4636 2185 4682 et
2209 4644 2326 4698 me,
2361 4626 2686 4683 studiorum
2721 4627 3107 4685 absolvendo·

656 4731 784 4767 rum
808 4712 1018 4785 gratia,
1045 4730 1118 4769 eo
1140 4713 1563 4770 destinasset...
1591 4713 1820 4770 firmam
1845 4716 1929 4771 ibi
1953 4715 2445 4777 habitationem...
2483 4717 2703 4773 habere
2744 4716 3106 4789 coepimus.»
