3625 5400
617 479 721 536 Eprsr.
744 480 980 554 178.-18Juru
1001 493 1069 552 1547

807 636 871 716 178

240 788 242 792 v
351 762 504 830 PATER
522 763 737 852 JOANNES
760 767 822 832 DE
847 767 1073 836 POLANCO
1098 770 1160 834 EX
1184 769 1333 838 COMM.

546 878 665 933 PATRI
683 877 883 938 CORNELIO
902 880 1134 940 VISHAVAEO

658 989 746 1032 noun
767 976 800 1032 18
817 990 895 1044 Jurn
916 990 985 1062 1547
1000 983 1019 1035 ¹.

227 1077 356 1133 Romam
369 1080 510 1153 ignatius
529 1083 728 1139 Vislrouueum
740 1089 852 1140 euocat.
861 1083 971 1142 -Cum
983 1104 1017 1142 oo
1029 1103 1131 1142 coram
1149 1089 1185 1144 de
1200 1089 1287 1144 rebus
1299 1087 1454 1145 lovanien-

279 1167 360 1222 sibus
371 1173 497 1225 orturus
509 1170 644 1227 est-Ut
657 1172 690 1227 in
703 1172 769 1243 ejus
786 1174 884 1229 locum
901 1175 984 1230 alius
1000 1175 1213 1241 constituatur,
1232 1177 1285 1248 qui
1300 1177 1453 1232 sodalibus

268 1319 273 1328 ¹
277 1258 404 1326 praesit,
417 1260 570 1315 admonet.
582 1292 614 1302 -
618 1259 745 1331 Judr'cio
757 1281 793 1318 oc
809 1263 963 1319 voluntati
980 1265 1191 1336 Paoybroockii
1207 1266 1353 1336 relinquit
1367 1271 1400 1321 ut
1420 1269 1451 1320 iu

281 1346 364 1399 uiam
376 1363 406 1401 se
418 1348 467 1402 det
476 1348 524 1402 vel
538 1347 668 1404 lovanii
675 1351 1003 1424 permoneat-Optat
1017 1357 1049 1408 ut
1065 1351 1237 1410 Gaudonus
1248 1355 1378 1411 Lovonii
1386 1373 1452 1411 con-

281 1433 376 1501 sistat,
391 1451 480 1490 sacro
493 1437 601 1492 munio
614 1438 762 1494 obiturus.

797 1541 873 1627 Jus.

295 1667 415 1735 Gratia
431 1680 466 1734 et
482 1691 548 1756 pax
563 1673 608 1739 D.
626 1673 670 1739 N.
685 1674 770 1761 Jesu
786 1672 843 1740 X}
857 1674 1008 1742 abundet
1024 1673 1060 1740 in
1079 1675 1205 1741 nostris
1227 1677 1387 1744 cordibus
1411 1679 1454 1745 ad

228 1780 336 1867 ipsius
352 1785 506 1869 gloriam,
525 1808 566 1852 ac
580 1788 725 1854 salutem
741 1800 893 1856 nostram
908 1789 1162 1876 sempiternam.

298 1900 381 1965 Rde.
403 1903 516 1981 Pater,
535 1911 570 1980 et
586 1903 730 1969 multum
746 1903 782 1970 in
798 1902 955 1992 X.⁰Jesu
971 1905 1107 1974 dilecte.

297 2017 440 2101 Accepit
471 2019 515 2084 D.
549 2018 702 2087 Danielis
728 2020 740 2052 ⁸
769 2018 911 2100 litterae,
940 2020 1092 2088 omnium
1125 2021 1263 2090 nomine
1297 2023 1452 2109 scriptaS,

232 2131 272 2196 P.
288 2131 332 2196 N.
351 2131 386 2197 in
401 2135 561 2222 X.⁰Jesu
577 2137 622 2201 D.
641 2135 805 2222 ignatius3
824 2144 859 2203 et
874 2146 912 2201 vt
932 2157 994 2202 vos
1014 2135 1132 2203 intima
1152 2136 1335 2206 dilectione
1351 2137 1385 2203 in
1403 2138 1454 2203 vi-

231 2245 383 2326 sceribus
400 2250 514 2332 habet,
533 2250 582 2317 sic
602 2250 633 2318 ei
654 2263 814 2338 pergrata
835 2251 978 2320 veniunt
999 2242 1234 2339 quaecumque
1252 2253 1296 2319 de
1316 2275 1454 2321 conser-

232 2361 369 2430 uatione
383 2385 424 2430 ac
439 2369 594 2451 profectu
613 2366 783 2436 interioris
799 2367 903 2436 vestri
916 2367 1061 2434 hominis
1074 2347 1292 2453 externisque
1303 2369 1382 2435 inde
1394 2391 1455 2435 na-

233 2477 408 2544 scentibus
428 2481 608 2561 fructibus,
631 2483 674 2548 ad
694 2481 759 2549 Dei
779 2485 944 2551 honorem
965 2493 1000 2549 et
1019 2481 1250 2569 proximorum
1269 2483 1456 2550 edificatio·

233 2611 323 2672 nem,
338 2596 556 2676 nunciantur,
568 2608 639 2664 tum
651 2597 815 2678 Danielis,
831 2607 904 2663 tum
917 2601 961 2665 D.
977 2598 1137 2665 Αῐιῒοηὶἰ3
1150 2597 1282 2666 litteris.
1297 2599 1370 2666 Nec
1383 2621 1456 2666 mo—

231 2711 308 2777 dica
324 2711 404 2781 inde
420 2734 499 2798 pars
514 2715 557 2780 ad
574 2734 637 2780 nos
657 2736 775 2783 omnes
795 2714 976 2797 redundat,
1000 2714 1058 2799 qui
1078 2736 1148 2781 nou
1168 2716 1248 2781 ficta
1268 2736 1330 2781 vos
1351 2716 1457 2803 (Deus

231 2827 328 2893 testis
343 2830 406 2912 est)
424 2828 591 2897 charitate
606 2829 878 2915 complectimur.
897 2831 966 2898 Sed
982 2851 1061 2896 cum
1078 2840 1196 2896 sancta
1207 2809 1321 2895 uestra
1333 2851 1457 2917 propo-

230 2942 307 3022 sita,
325 2943 449 3022 littere,
468 2944 544 3030 piae
556 2944 817 3013 exercitationes
829 2957 864 3013 et
875 2944 940 3011 alia
953 2946 1059 3011 multa
1073 2947 1291 3017 vehementer
1303 2945 1458 3031 placeant

230 3079 395 3144 spemque
410 3059 445 3124 in
462 3060 566 3148 nobis
577 3060 728 3128 excitent
744 3060 860 3126 diuine
876 3060 996 3145 glorie,
1016 3081 1118 3145 quam
1138 3060 1324 3145 querimus,
1347 3071 1382 3127 et
1402 3082 1456 3127 sa-

231 3173 312 3241 lutis
327 3174 516 3241 animarum
536 3198 597 3262 per
618 3198 681 3242 vos
702 3174 945 3261 promouende,
969 3185 1082 3260 sperat
1099 3186 1212 3241 tamen
1231 3179 1270 3242 Ρ.
1289 3174 1455 3262 IgnatiuS,

231 3291 323 3375 quod
343 3293 439 3358 Deus
459 3300 623 3358 aucturus
643 3292 688 3358 sit
708 3293 929 3359 vehementer
950 3312 1049 3355 suum
1071 3312 1170 3377 opuS,
1193 3291 1284 3375 quod
1305 3289 1340 3356 in
1362 3288 1458 3355 vobis

231 3404 417 3487 inchoauit,
435 3407 465 3473 si
480 3429 543 3473 uos
559 3406 701 3473 consilio
716 3417 751 3473 et
766 3404 935 3472 industria
950 3405 1122 3491 cooperati
1139 3404 1212 3473 eius
1224 3403 1362 3473 diuinae
1377 3426 1458 3491 gra-
1545 3427 1551 3441 ·

107 3532 112 3542 '
232 3520 299 3589 tiae
315 3522 490 3592 fuerimus.
508 3522 687 3607 Simulque
708 3522 984 3589 animaduertens
1010 3521 1114 3607 longe
1135 3522 1324 3588 aliudesse
1344 3532 1458 3586 vtrum

232 3650 269 3703 vt
284 3640 460 3704 studentes
476 3638 564 3718 istic,
582 3660 627 3705 an
644 3649 680 3703 vt
700 3638 803 3705 etiarn
823 3637 1012 3724 relligionis
1033 3636 1177 3713 alicuius
1199 3638 1350 3703 membra
1374 3656 1458 3701 con-

231 3752 436 3839 gregemini,
451 3776 532 3819 num
544 3765 684 3828 curatur
701 3756 765 3819 hoc
782 3763 916 3819 tantum
932 3764 970 3818 vt
986 3774 1059 3833 vos,
1075 3752 1134 3837 qui
1147 3752 1213 3819 iam
1227 3774 1246 3817 a
1259 3753 1334 3818 Deo
1346 3750 1458 3817 vocati

229 3870 324 3949 estis,
342 3868 604 3949 conseruemini,
623 3891 667 3934 an
683 3868 732 3935 sic
747 3880 883 3955 agatur,
901 3879 939 3933 vt
953 3879 989 3935 et
1001 3868 1084 3935 alios
1096 3869 1140 3934 ad
1157 3868 1246 3935 idem
1263 3864 1458 3933 institutum

231 3985 366 4072 possitis
382 3986 577 4061 attrahere,
585 3986 722 4051 demum
738 3984 830 4051 aliud
845 4007 921 4052 esse
945 3994 982 4048 vt
999 3984 1101 4051 rebus
1119 3981 1335 4068 presentibus
1356 3990 1458 4047 tuen-

229 4100 295 4182 dis,
314 4100 406 4167 aliud
422 4111 458 4165 vt
473 4101 575 4167 etiam
592 4099 716 4165 futuris
728 4101 939 4181 consulatur,
959 4109 995 4164 vt
1011 4100 1103 4182 quod
1116 4097 1152 4163 iu
1163 4096 1334 4184 presentia
1345 4098 1458 4162 hono·

231 4193 363 4282 rifieum
389 4219 476 4295 Deo,
500 4226 535 4284 et
561 4214 722 4301 proximis
748 4214 915 4299 vobisque
939 4212 1021 4300 ipsis
1048 4213 1193 4300 perutile
1220 4222 1393 4293 censetur,
1423 4210 1458 4276 id

285 4433 293 4465 ¹
330 4430 376 4484 Ex
388 4429 563 4485 adversariis
580 4429 769 4501 autographis
786 4428 822 4483 P.
845 4428 976 4497 Polemi,
994 4428 1025 4483 in
1042 4426 1143 4483 codice
1158 4428 1255 4499 Epist.
1276 4424 1404 4481 Polonci
1422 4442 1458 4480 ex

229 4534 350 4583 comm„
364 4538 397 4574 n.
414 4519 460 4589 78,
474 4519 554 4590 prius
567 4531 614 4587 75.

282 4612 293 4641 ¹
331 4608 364 4662 P.
380 4608 485 4663 Daniel
498 4608 735 4679 Paeybroeckius
748 4606 871 4662 Lovauii
880 4622 948 4661 curn
958 4606 1046 4661 sociis
1060 4607 1243 4660 versabatur.

228 4723 231 4730 ·
283 4698 295 4729 ³
331 4697 365 4752 P.
380 4698 527 4753 Antonius
539 4697 683 4753 Vinclrius
695 4697 770 4754 alius
783 4694 978 4754 eratesociis
993 4694 1225 4751 lovaniensibus.
