3625 5400
666 495 850 551 Praesumo
868 505 1029 551 sonemus
1387 495 1422 553 23

233 641 430 726 hujusmodi
446 643 617 729 epistolas,
632 646 873 716 instructiones
884 647 1018 733 aliaque
1033 659 1264 728 monumenta,
1278 671 1320 716 ex
1332 651 1456 736 Ignatii

232 757 472 828 commissione
488 760 560 830 sive
577 763 735 829 mandato
751 761 854 830 asuis
866 763 1004 849 scripta,
1019 785 1088 830 non
1100 763 1165 844 his,
1180 765 1241 830 sed
1255 765 1390 851 Ignatio
1401 787 1455 832 re-

233 872 374 940 serenda
390 895 477 958 esse,
495 876 642 963 ideoque
657 880 772 947 sedem
784 877 873 946 inter
888 877 1063 965 ignatiana
1078 900 1181 966 opera
1188 879 1267 964 jure
1283 902 1322 947 ac
1335 880 1455 948 merito

232 987 400 1056 obtinere.
420 991 458 1057 ln
473 1011 542 1077 quo
557 1004 650 1061 certe
666 1014 731 1061 nec
743 993 879 1080 ignatio
890 994 1072 1062 tribuimus
1083 996 1175 1080 quod
1186 1017 1286 1062 suum
1303 1017 1372 1062 non
1387 1009 1452 1075 est,

232 1123 297 1170 nec
309 1103 393 1170 alios
405 1105 659 1190 defraudamus,
671 1129 749 1184 cum
762 1109 797 1174 in
809 1109 955 1196 singulis
966 1107 1159 1196 quibusque
1170 1110 1335 1196 epistolis·
1345 1133 1455 1197 quan·

231 1217 279 1282 do
294 1229 386 1287 certe
406 1232 466 1286 aut
486 1223 704 1307 probabiliter
724 1236 870 1306 constet,
894 1246 936 1294 eo
958 1226 1060 1292 modo
1082 1247 1150 1311 quo
1170 1226 1351 1307 constabit,
1374 1248 1454 1313 pro-

232 1333 343 1418 prium
361 1335 535 1422 scriptoris
552 1360 675 1406 nomen
691 1341 877 1426 apparebit.

303 1451 483 1532 3.—Ratio
498 1452 534 1518 in
550 1455 614 1521 hac
630 1453 779 1523 editione
795 1469 942 1526 servata.

301 1567 441 1633 Praeter
461 1567 495 1632 id
516 1580 645 1650 autem,
671 1571 764 1656 quod
787 1591 920 1638 summa
943 1572 1108 1658 religione
1131 1594 1151 1637 a
1174 1571 1272 1638 nobis
1291 1571 1453 1657 praestari

231 1699 294 1764 par
309 1691 373 1760 est,
392 1682 421 1747 si
441 1685 578 1768 quando
597 1687 640 1751 de
662 1685 780 1772 scripti
804 1698 945 1755 auctore
968 1709 1037 1753 non
1060 1698 1208 1767 constet,
1230 1697 1290 1753 aut
1311 1686 1453 1754 dubium

231 1795 439 1878 suboriatur,
458 1798 621 1868 lectorem
637 1812 827 1886 opportune
844 1801 1069 1868 monebimus.

299 1911 469 1996 Epistolae
485 1925 588 2000 atque
603 1915 855 2000 instructiones
874 1917 1013 2003 quaein
1036 1920 1101 1984 hac
1121 1928 1217 2002 parte
1236 1917 1454 1984 continentur

230 2025 382 2108 (perinde
399 2050 438 2094 ac
454 2041 588 2096 caetera
604 2033 845 2118 monumenta),
864 2053 905 2099 eo
926 2033 1074 2098 eduntur
1094 2031 1265 2112 idiomate,
1289 2053 1358 2117 quo
1379 2032 1454 2100 sue-

231 2152 313 2207 runt
325 2145 548 2232 conscriptae.
564 2147 667 2231 Quod
682 2147 711 2213 si
724 2151 977 2234 autographum
993 2158 1053 2216 aut
1065 2147 1231 2235 originale
1243 2169 1312 2213 non
1329 2158 1452 2227 exstat,

231 2265 344 2322 exstat
359 2270 472 2325 autem
489 2259 579 2326 illius
595 2261 770 2329 translatio
786 2274 919 2329 tantum
938 2263 973 2328 in
997 2262 1137 2330 latinam
1157 2274 1216 2330 aut
1236 2262 1454 2330 vernaculam

231 2370 398 2457 linguam,
412 2376 603 2462 exemplum
620 2377 703 2444 illud
719 2376 894 2464 seligetur,
909 2380 1000 2464 quod
1016 2376 1154 2464 majoris
1166 2377 1211 2444 sit
1227 2376 1452 2444 auctoritatis:

231 2487 378 2554 caeteris
393 2511 475 2557 vero
491 2491 642 2577 paribus,
661 2492 764 2560 latina
780 2493 899 2580 lingua
915 2493 1138 2580 praeferetur.

298 2603 480 2688 Epistolae,
499 2607 783 2691 quemadmodum
799 2608 843 2677 de
862 2608 936 2676 aliis
955 2608 1091 2695 scriptis
1114 2607 1273 2688 diximuS,
1299 2607 1454 2694 integrae

228 2716 494 2801 exhibebuntur,
513 2744 583 2790 non
600 2724 738 2792 mutilae
754 2735 813 2791 aut
828 2726 1037 2805 decurtatae,
1052 2725 1113 2794 sed
1128 2734 1231 2810 prout
1247 2723 1393 2809 scriptae
1411 2724 1453 2789 ab

229 2844 370 2901 auctore
385 2846 445 2902 aut
461 2858 480 2903 a
497 2838 595 2904 nobis
612 2850 765 2925 repertae
780 2852 874 2909 sunt.
897 2842 1002 2926 Quod
1022 2840 1050 2906 si
1071 2841 1220 2925 quando,
1239 2839 1331 2924 quod
1352 2859 1454 2905 num·

230 2968 333 3029 quam
357 2962 417 3016 aut
444 2954 613 3020 rarissime
639 2965 842 3023 eventurum
863 2966 1035 3043 putamus,
1058 2976 1159 3021 secus
1179 2955 1223 3020 sit
1245 2954 1452 3032 faciendum,

230 3065 394 3133 lectorem
416 3069 721 3153 praemonebimus.

298 3184 395 3249 More
402 3184 473 3267 jam
486 3196 634 3277 recepto,
649 3184 730 3251 nihil
744 3184 779 3251 in
793 3197 887 3253 textu
905 3186 1170 3254 immutabimus:
1184 3185 1296 3271 singla
1311 3195 1345 3251 et
1361 3183 1453 3250 litte-

228 3318 343 3364 rarum
356 3299 555 3386 compendia
568 3300 798 3368 communiora
810 3301 1045 3381 enodabimus,
1058 3302 1246 3389 supplenda
1258 3300 1356 3366 uncis
1368 3320 1453 3383 qua-

226 3414 334 3479 dratis
350 3413 577 3483 includemus.

295 3528 416 3595 Visum
428 3542 479 3597 est
491 3532 729 3601 annotationes
743 3532 972 3600 monumentis
984 3533 1119 3620 apponi.
1133 3534 1202 3601 Eae
1214 3530 1360 3618 duplicis
1372 3541 1452 3597 sunt

225 3644 375 3731 generis:
393 3646 535 3714 alterum
553 3646 705 3715 diversas
720 3646 899 3728 lectiones,
919 3647 1101 3734 diligenter
1123 3648 1274 3726 collataS,
1298 3645 1446 3724 exhibet3

226 3762 370 3828 alterum
387 3781 550 3846 personas
566 3772 625 3829 aut
641 3762 730 3829 facta
751 3762 912 3830 historica
927 3762 1084 3849 explicat.
1110 3764 1149 3829 ln
1172 3763 1227 3827 his
1246 3760 1449 3827 brevitatem

227 3876 414 3961 sequimur,
434 3886 505 3942 tum
522 3878 602 3963 quia
625 3880 731 3965 probe
753 3879 881 3947 scimus
904 3881 1049 3947 lectores
1071 3888 1206 3944 nostros
1230 3876 1304 3963 ipsa
1326 3896 1449 3941 monu-

226 4004 342 4061 menta
358 3992 504 4063 maxime
520 4016 696 4081 quaerere,
714 4016 834 4081 parum
849 3995 893 4063 de
913 3993 1197 4061 illustrationibus
1217 4011 1348 4072 curare3
1375 4002 1447 4057 tum

226 4106 306 4192 quia
325 4130 452 4195 scopus
474 4120 590 4177 noster
617 4109 830 4197 potissimum
850 4122 902 4178 est
923 4133 964 4179 ea
984 4130 1118 4177 summa
1134 4108 1202 4173 fide
1221 4128 1262 4173 ac
1283 4106 1447 4193 religione

223 4225 339 4303 edere,
357 4223 471 4311 potius
485 4246 588 4311 quam
609 4225 859 4293 commentariis
875 4225 1055 4305 illustrare,
1073 4225 1110 4291 in
1125 4221 1250 4309 quibus
1265 4222 1448 4306 aliquando

225 4339 260 4404 id
275 4350 388 4425 potest
403 4341 569 4422 accidere,
589 4352 627 4409 ut
647 4363 716 4409 non
733 4352 801 4409 tam
818 4352 1039 4409 monumenta
1054 4361 1156 4425 quam
1173 4361 1210 4407 se
1227 4338 1318 4425 ipsos
1335 4337 1447 4405 edito·

223 4476 280 4520 res
295 4454 478 4523 illustrent.
1073 4543 1078 4553 .

290 4570 506 4657 Argumenta
521 4570 742 4659 praefigimus
758 4583 792 4641 et
808 4570 939 4639 indices
957 4570 1209 4657 copiosissimos
1229 4571 1361 4647 damuS,
1388 4564 1447 4651 qui

222 4686 420 4769 lectoribus,
439 4700 478 4753 ut
492 4710 680 4774 speramus,
698 4690 791 4755 haud
805 4708 928 4774 parurn
944 4698 1026 4755 sunt
1041 4687 1221 4774 profuturi.
