<?xml version="1.0" encoding="UTF-8"?>
<!DOCTYPE html PUBLIC "-//W3C//DTD XHTML 1.0 Transitional//EN"
    "http://www.w3.org/TR/xhtml1/DTD/xhtml1-transitional.dtd">
<html xmlns="http://www.w3.org/1999/xhtml" xml:lang="en" lang="en">
 <head>
  <title>
</title>
<meta http-equiv="Content-Type" content="text/html;charset=utf-8" />
  <meta name='ocr-system' content='tesseract 3.04.00' />
  <meta name='ocr-capabilities' content='ocr_page ocr_carea ocr_par ocr_line ocrx_word'/>
</head>
<body>
  <div class='ocr_page' id='page_1' title='image "./monumentaignati04ignagoog_0524.png"; bbox 0 0 3625 5400; ppageno 0'>
   <div class='ocr_carea' id='block_1_1' title="bbox 354 509 1190 606">
    <p class='ocr_par' dir='ltr' id='par_1_1' title="bbox 354 509 1190 606">
     <span class='ocr_line' id='line_1_1' title="bbox 354 509 1190 606; baseline -0.007 -14"><span class='ocrx_word' id='word_1_1' title='bbox 354 509 360 520; x_wconf 58' lang='grc'><strong><em>’</em></strong></span> <span class='ocrx_word' id='word_1_2' title='bbox 410 535 463 606; x_wconf 85' lang='lat'>516</span> <span class='ocrx_word' id='word_1_3' title='bbox 787 535 993 592; x_wconf 72' lang='lat' dir='ltr'>nonnum</span> <span class='ocrx_word' id='word_1_4' title='bbox 1013 523 1190 587; x_wconf 74' lang='lat' dir='ltr'>lenimus</span> 
     </span>
    </p>
   </div>
   <div class='ocr_carea' id='block_1_2' title="bbox 366 683 1664 3198">
    <p class='ocr_par' dir='ltr' id='par_1_2' title="bbox 367 683 1664 2852">
     <span class='ocr_line' id='line_1_2' title="bbox 440 683 1598 772; baseline -0.003 -16"><span class='ocrx_word' id='word_1_5' title='bbox 440 691 530 756; x_wconf 92' lang='lat' dir='ltr'>Cum</span> <span class='ocrx_word' id='word_1_6' title='bbox 545 699 673 769; x_wconf 89' lang='lat' dir='ltr'>autem,</span> <span class='ocrx_word' id='word_1_7' title='bbox 691 690 795 756; x_wconf 88' lang='lat' dir='ltr'>Pater</span> <span class='ocrx_word' id='word_1_8' title='bbox 810 697 929 755; x_wconf 87' lang='lat' dir='ltr'>sancte</span> <span class='ocrx_word' id='word_1_9' title='bbox 944 696 969 766; x_wconf 77' lang='lat'>⁰,</span> <span class='ocrx_word' id='word_1_10' title='bbox 988 707 1008 751; x_wconf 89' lang='lat' dir='ltr'>a</span> <span class='ocrx_word' id='word_1_11' title='bbox 1029 685 1202 752; x_wconf 88' lang='lat' dir='ltr'>nonnullis</span> <span class='ocrx_word' id='word_1_12' title='bbox 1224 683 1359 771; x_wconf 86' lang='lat' dir='ltr'>magnis</span> <span class='ocrx_word' id='word_1_13' title='bbox 1382 684 1474 764; x_wconf 90' lang='lat' dir='ltr'>viris,</span> <span class='ocrx_word' id='word_1_14' title='bbox 1497 707 1598 772; x_wconf 89' lang='lat' dir='ltr'>prae-</span> 
     </span>
     <span class='ocr_line' id='line_1_3' title="bbox 373 801 1664 891; baseline -0.002 -19"><span class='ocrx_word' id='word_1_15' title='bbox 373 803 474 891; x_wconf 83' lang='lat' dir='ltr'>cipue</span> <span class='ocrx_word' id='word_1_16' title='bbox 488 803 525 870; x_wconf 94' lang='lat' dir='ltr'>in</span> <span class='ocrx_word' id='word_1_17' title='bbox 539 804 694 891; x_wconf 90' lang='lat' dir='ltr'>partibus</span> <span class='ocrx_word' id='word_1_18' title='bbox 709 802 965 890; x_wconf 83' lang='lat' dir='ltr'>Hispaniarum,</span> <span class='ocrx_word' id='word_1_19' title='bbox 982 801 1195 868; x_wconf 90' lang='lat' dir='ltr'>solicitentur</span> <span class='ocrx_word' id='word_1_20' title='bbox 1210 802 1252 867; x_wconf 90' lang='lat' dir='ltr'>ad</span> <span class='ocrx_word' id='word_1_21' title='bbox 1268 801 1517 888; x_wconf 85' lang='lat' dir='ltr'>suscipiendam</span> <span class='ocrx_word' id='word_1_22' title='bbox 1533 824 1597 870; x_wconf 90' lang='lat' dir='ltr'>cu·</span> <span class='ocrx_word' id='word_1_23' title='bbox 1660 853 1664 862; x_wconf 86' lang='lat'>.</span> 
     </span>
     <span class='ocr_line' id='line_1_4' title="bbox 374 914 1594 1004; baseline -0.001 -18"><span class='ocrx_word' id='word_1_24' title='bbox 374 941 447 986; x_wconf 90' lang='lat' dir='ltr'>ram</span> <span class='ocrx_word' id='word_1_25' title='bbox 463 922 721 1000; x_wconf 89' lang='lat' dir='ltr'>monacharum,</span> <span class='ocrx_word' id='word_1_26' title='bbox 740 929 775 987; x_wconf 90' lang='lat' dir='ltr'>et</span> <span class='ocrx_word' id='word_1_27' title='bbox 790 918 970 985; x_wconf 84' lang='lat' dir='ltr'>mulierum</span> <span class='ocrx_word' id='word_1_28' title='bbox 986 918 1188 986; x_wconf 84' lang='lat' dir='ltr'>denotarum</span> <span class='ocrx_word' id='word_1_29' title='bbox 1199 914 1214 956; x_wconf 72' lang='lat'><em>⁶</em></span> <span class='ocrx_word' id='word_1_30' title='bbox 1226 919 1301 984; x_wconf 90' lang='lat' dir='ltr'>Deo</span> <span class='ocrx_word' id='word_1_31' title='bbox 1312 917 1441 985; x_wconf 88' lang='lat' dir='ltr'>seruire</span> <span class='ocrx_word' id='word_1_32' title='bbox 1452 919 1594 1004; x_wconf 90' lang='lat' dir='ltr'>cupien-</span> 
     </span>
     <span class='ocr_line' id='line_1_5' title="bbox 374 1032 1594 1122; baseline 0.001 -20"><span class='ocrx_word' id='word_1_33' title='bbox 374 1036 471 1118; x_wconf 89' lang='lat' dir='ltr'>tium;</span> <span class='ocrx_word' id='word_1_34' title='bbox 490 1057 534 1102; x_wconf 88' lang='lat' dir='ltr'>ex</span> <span class='ocrx_word' id='word_1_35' title='bbox 549 1057 643 1102; x_wconf 92' lang='lat' dir='ltr'>nunc</span> <span class='ocrx_word' id='word_1_36' title='bbox 658 1034 723 1122; x_wconf 90' lang='lat' dir='ltr'>ipsi</span> <span class='ocrx_word' id='word_1_37' title='bbox 738 1045 890 1102; x_wconf 91' lang='lat' dir='ltr'>oratores</span> <span class='ocrx_word' id='word_1_38' title='bbox 905 1032 1217 1102; x_wconf 88' lang='lat' dir='ltr'>animaduertentes</span> <span class='ocrx_word' id='word_1_39' title='bbox 1234 1035 1302 1099; x_wconf 93' lang='lat' dir='ltr'>hoc</span> <span class='ocrx_word' id='word_1_40' title='bbox 1318 1054 1422 1099; x_wconf 92' lang='lat' dir='ltr'>vnum</span> <span class='ocrx_word' id='word_1_41' title='bbox 1434 1055 1509 1102; x_wconf 87' lang='lat' dir='ltr'>esse</span> <span class='ocrx_word' id='word_1_42' title='bbox 1522 1057 1594 1102; x_wconf 88' lang='lat' dir='ltr'>ma·</span> 
     </span>
     <span class='ocr_line' id='line_1_6' title="bbox 373 1148 1593 1239; baseline 0 -21"><span class='ocrx_word' id='word_1_43' title='bbox 373 1173 482 1239; x_wconf 87' lang='lat' dir='ltr'>gnum</span> <span class='ocrx_word' id='word_1_44' title='bbox 499 1151 778 1238; x_wconf 84' lang='lat' dir='ltr'>impedimentum</span> <span class='ocrx_word' id='word_1_45' title='bbox 798 1150 921 1217; x_wconf 89' lang='lat' dir='ltr'>ceteris</span> <span class='ocrx_word' id='word_1_46' title='bbox 942 1148 1062 1216; x_wconf 87' lang='lat' dir='ltr'>officiis</span> <span class='ocrx_word' id='word_1_47' title='bbox 1082 1148 1118 1214; x_wconf 94' lang='lat' dir='ltr'>in</span> <span class='ocrx_word' id='word_1_48' title='bbox 1141 1148 1342 1235; x_wconf 84' lang='lat' dir='ltr'>obsequium</span> <span class='ocrx_word' id='word_1_49' title='bbox 1366 1149 1430 1216; x_wconf 90' lang='lat' dir='ltr'>Dei</span> <span class='ocrx_word' id='word_1_50' title='bbox 1453 1149 1518 1216; x_wconf 90' lang='lat' dir='ltr'>sibi</span> <span class='ocrx_word' id='word_1_51' title='bbox 1540 1150 1593 1218; x_wconf 92' lang='lat' dir='ltr'>in-</span> 
     </span>
     <span class='ocr_line' id='line_1_7' title="bbox 372 1259 1596 1352; baseline -0.001 -19"><span class='ocrx_word' id='word_1_52' title='bbox 372 1266 624 1346; x_wconf 86' lang='lat' dir='ltr'>cumbentibus,</span> <span class='ocrx_word' id='word_1_53' title='bbox 642 1289 685 1332; x_wconf 83' lang='lat' dir='ltr'>ex</span> <span class='ocrx_word' id='word_1_54' title='bbox 705 1266 780 1352; x_wconf 88' lang='lat' dir='ltr'>ipso</span> <span class='ocrx_word' id='word_1_55' title='bbox 800 1265 979 1352; x_wconf 90' lang='lat' dir='ltr'>principali</span> <span class='ocrx_word' id='word_1_56' title='bbox 1001 1263 1192 1331; x_wconf 85' lang='lat' dir='ltr'>sanctitatis</span> <span class='ocrx_word' id='word_1_57' title='bbox 1210 1259 1344 1332; x_wconf 84' lang='lat' dir='ltr'>vestrae</span> <span class='ocrx_word' id='word_1_58' title='bbox 1366 1263 1534 1346; x_wconf 81' lang='lat' dir='ltr'>institut03</span> <span class='ocrx_word' id='word_1_59' title='bbox 1559 1279 1596 1335; x_wconf 89' lang='lat' dir='ltr'>et</span> 
     </span>
     <span class='ocr_line' id='line_1_8' title="bbox 372 1379 1591 1467; baseline -0.002 -17"><span class='ocrx_word' id='word_1_60' title='bbox 372 1404 451 1450; x_wconf 92' lang='lat' dir='ltr'>cum</span> <span class='ocrx_word' id='word_1_61' title='bbox 468 1385 582 1450; x_wconf 90' lang='lat' dir='ltr'>adhuc</span> <span class='ocrx_word' id='word_1_62' title='bbox 597 1385 683 1449; x_wconf 89' lang='lat' dir='ltr'>haec</span> <span class='ocrx_word' id='word_1_63' title='bbox 699 1404 782 1448; x_wconf 91' lang='lat' dir='ltr'>cura</span> <span class='ocrx_word' id='word_1_64' title='bbox 798 1379 946 1448; x_wconf 82' lang='lat' dir='ltr'>exordiri</span> <span class='ocrx_word' id='word_1_65' title='bbox 963 1380 1103 1466; x_wconf 87' lang='lat' dir='ltr'>incipiat</span> <span class='ocrx_word' id='word_1_66' title='bbox 1119 1391 1223 1464; x_wconf 91' lang='lat' dir='ltr'>atque</span> <span class='ocrx_word' id='word_1_67' title='bbox 1243 1379 1397 1466; x_wconf 87' lang='lat' dir='ltr'>impediri</span> <span class='ocrx_word' id='word_1_68' title='bbox 1418 1403 1518 1467; x_wconf 88' lang='lat' dir='ltr'>posse</span> <span class='ocrx_word' id='word_1_69' title='bbox 1540 1383 1591 1448; x_wconf 91' lang='lat' dir='ltr'>vi·</span> 
     </span>
     <span class='ocr_line' id='line_1_9' title="bbox 373 1495 1592 1584; baseline 0.002 -20"><span class='ocrx_word' id='word_1_70' title='bbox 373 1499 505 1577; x_wconf 77' lang='lat' dir='ltr'>deutur,</span> <span class='ocrx_word' id='word_1_71' title='bbox 534 1509 568 1566; x_wconf 93' lang='lat' dir='ltr'>et</span> <span class='ocrx_word' id='word_1_72' title='bbox 589 1519 733 1583; x_wconf 88' lang='lat' dir='ltr'>paruum</span> <span class='ocrx_word' id='word_1_73' title='bbox 752 1496 1032 1583; x_wconf 88' lang='lat' dir='ltr'>impedimentum</span> <span class='ocrx_word' id='word_1_74' title='bbox 1055 1495 1091 1560; x_wconf 93' lang='lat' dir='ltr'>in</span> <span class='ocrx_word' id='word_1_75' title='bbox 1114 1495 1280 1582; x_wconf 90' lang='lat' dir='ltr'>principio</span> <span class='ocrx_word' id='word_1_76' title='bbox 1302 1496 1410 1581; x_wconf 89' lang='lat' dir='ltr'>possit</span> <span class='ocrx_word' id='word_1_77' title='bbox 1432 1497 1592 1584; x_wconf 88' lang='lat' dir='ltr'>deinceps</span> 
     </span>
     <span class='ocr_line' id='line_1_10' title="bbox 370 1609 1592 1697; baseline 0.001 -20"><span class='ocrx_word' id='word_1_78' title='bbox 370 1613 480 1680; x_wconf 92' lang='lat' dir='ltr'>maius</span> <span class='ocrx_word' id='word_1_79' title='bbox 499 1613 584 1679; x_wconf 86' lang='lat' dir='ltr'>lieri:</span> <span class='ocrx_word' id='word_1_80' title='bbox 613 1614 656 1678; x_wconf 91' lang='lat' dir='ltr'>ad</span> <span class='ocrx_word' id='word_1_81' title='bbox 679 1611 893 1680; x_wconf 90' lang='lat' dir='ltr'>beatissimos</span> <span class='ocrx_word' id='word_1_82' title='bbox 916 1609 1108 1677; x_wconf 88' lang='lat' dir='ltr'>sanctitatis</span> <span class='ocrx_word' id='word_1_83' title='bbox 1131 1621 1267 1679; x_wconf 90' lang='lat' dir='ltr'>vestrae</span> <span class='ocrx_word' id='word_1_84' title='bbox 1288 1612 1393 1697; x_wconf 89' lang='lat' dir='ltr'>pedes</span> <span class='ocrx_word' id='word_1_85' title='bbox 1418 1612 1592 1681; x_wconf 88' lang='lat' dir='ltr'>humiliter</span> 
     </span>
     <span class='ocr_line' id='line_1_11' title="bbox 370 1725 1590 1814; baseline 0.001 -20"><span class='ocrx_word' id='word_1_86' title='bbox 370 1739 563 1810; x_wconf 87' lang='lat' dir='ltr'>recurrunt,</span> <span class='ocrx_word' id='word_1_87' title='bbox 581 1728 812 1814; x_wconf 84' lang='lat' dir='ltr'>supplicantes</span> <span class='ocrx_word' id='word_1_88' title='bbox 827 1728 871 1794; x_wconf 85' lang='lat' dir='ltr'>de</span> <span class='ocrx_word' id='word_1_89' title='bbox 890 1727 999 1813; x_wconf 86' lang='lat' dir='ltr'>gratia</span> <span class='ocrx_word' id='word_1_90' title='bbox 1021 1727 1171 1814; x_wconf 89' lang='lat' dir='ltr'>speciali,</span> <span class='ocrx_word' id='word_1_91' title='bbox 1193 1737 1231 1792; x_wconf 93' lang='lat' dir='ltr'>vt</span> <span class='ocrx_word' id='word_1_92' title='bbox 1253 1725 1288 1792; x_wconf 93' lang='lat' dir='ltr'>in</span> <span class='ocrx_word' id='word_1_93' title='bbox 1312 1749 1429 1796; x_wconf 91' lang='lat' dir='ltr'>eorum</span> <span class='ocrx_word' id='word_1_94' title='bbox 1453 1728 1590 1795; x_wconf 90' lang='lat' dir='ltr'>institu-</span> 
     </span>
     <span class='ocr_line' id='line_1_12' title="bbox 371 1842 1628 1931; baseline 0.001 -22"><span class='ocrx_word' id='word_1_95' title='bbox 371 1843 464 1912; x_wconf 90' lang='lat' dir='ltr'>tione</span> <span class='ocrx_word' id='word_1_96' title='bbox 480 1865 520 1911; x_wconf 91' lang='lat' dir='ltr'>ac</span> <span class='ocrx_word' id='word_1_97' title='bbox 537 1843 720 1913; x_wconf 90' lang='lat' dir='ltr'>Societatis</span> <span class='ocrx_word' id='word_1_98' title='bbox 740 1843 1008 1922; x_wconf 88' lang='lat' dir='ltr'>confirmatione,</span> <span class='ocrx_word' id='word_1_99' title='bbox 1032 1842 1145 1931; x_wconf 85' lang='lat' dir='ltr'>qu[a]e</span> <span class='ocrx_word' id='word_1_100' title='bbox 1165 1863 1227 1928; x_wconf 93' lang='lat' dir='ltr'>pro</span> <span class='ocrx_word' id='word_1_101' title='bbox 1247 1864 1406 1928; x_wconf 84' lang='lat' dir='ltr'>expressa</span> <span class='ocrx_word' id='word_1_102' title='bbox 1425 1845 1592 1912; x_wconf 89' lang='lat' dir='ltr'>habeatur</span> <span class='ocrx_word' id='word_1_103' title='bbox 1620 1907 1628 1920; x_wconf 83' lang='grc'><em>,</em></span> 
     </span>
     <span class='ocr_line' id='line_1_13' title="bbox 369 1957 1591 2045; baseline 0.001 -18"><span class='ocrx_word' id='word_1_104' title='bbox 369 1961 414 2027; x_wconf 89' lang='lat' dir='ltr'>de</span> <span class='ocrx_word' id='word_1_105' title='bbox 440 1961 546 2028; x_wconf 91' lang='lat' dir='ltr'>verbo</span> <span class='ocrx_word' id='word_1_106' title='bbox 573 1960 615 2026; x_wconf 91' lang='lat' dir='ltr'>ad</span> <span class='ocrx_word' id='word_1_107' title='bbox 643 1961 786 2027; x_wconf 90' lang='lat' dir='ltr'>verbum</span> <span class='ocrx_word' id='word_1_108' title='bbox 813 1980 854 2026; x_wconf 89' lang='lat' dir='ltr'>ac</span> <span class='ocrx_word' id='word_1_109' title='bbox 874 1971 887 1998; x_wconf 75' lang='lat'>⁸</span> <span class='ocrx_word' id='word_1_110' title='bbox 907 1959 1048 2045; x_wconf 82' lang='lat' dir='ltr'>exprimi</span> <span class='ocrx_word' id='word_1_111' title='bbox 1078 1959 1200 2044; x_wconf 88' lang='lat' dir='ltr'>possit,</span> <span class='ocrx_word' id='word_1_112' title='bbox 1230 1957 1392 2045; x_wconf 83' lang='lat' dir='ltr'>dignetur</span> <span class='ocrx_word' id='word_1_113' title='bbox 1418 1960 1591 2028; x_wconf 86' lang='lat' dir='ltr'>declarare</span> 
     </span>
     <span class='ocr_line' id='line_1_14' title="bbox 370 2073 1591 2160; baseline 0 -19"><span class='ocrx_word' id='word_1_114' title='bbox 370 2085 405 2141; x_wconf 88' lang='lat' dir='ltr'>et</span> <span class='ocrx_word' id='word_1_115' title='bbox 424 2073 648 2154; x_wconf 77' lang='lat' dir='ltr'>sdecernere‚</span> <span class='ocrx_word' id='word_1_116' title='bbox 672 2095 835 2160; x_wconf 85' lang='lat' dir='ltr'>magnum</span> <span class='ocrx_word' id='word_1_117' title='bbox 856 2096 932 2140; x_wconf 89' lang='lat' dir='ltr'>esse</span> <span class='ocrx_word' id='word_1_118' title='bbox 951 2073 1231 2159; x_wconf 89' lang='lat' dir='ltr'>impedimentum</span> <span class='ocrx_word' id='word_1_119' title='bbox 1252 2075 1394 2142; x_wconf 88' lang='lat' dir='ltr'>caeteris</span> <span class='ocrx_word' id='word_1_120' title='bbox 1414 2075 1534 2142; x_wconf 86' lang='lat' dir='ltr'>officiis</span> <span class='ocrx_word' id='word_1_121' title='bbox 1556 2086 1591 2143; x_wconf 92' lang='lat' dir='ltr'>et</span> 
     </span>
     <span class='ocr_line' id='line_1_15' title="bbox 367 2189 1588 2288; baseline 0 -32"><span class='ocrx_word' id='word_1_122' title='bbox 367 2190 542 2275; x_wconf 89' lang='lat' dir='ltr'>obsequiis</span> <span class='ocrx_word' id='word_1_123' title='bbox 554 2189 631 2268; x_wconf 92' lang='lat' dir='ltr'>Dei,</span> <span class='ocrx_word' id='word_1_124' title='bbox 642 2189 707 2255; x_wconf 90' lang='lat' dir='ltr'>sibi</span> <span class='ocrx_word' id='word_1_125' title='bbox 719 2189 997 2256; x_wconf 90' lang='lat' dir='ltr'>incumbentibus</span> <span class='ocrx_word' id='word_1_126' title='bbox 1007 2211 1050 2256; x_wconf 85' lang='lat' dir='ltr'>ex</span> <span class='ocrx_word' id='word_1_127' title='bbox 1062 2189 1136 2276; x_wconf 91' lang='lat' dir='ltr'>ipso</span> <span class='ocrx_word' id='word_1_128' title='bbox 1149 2190 1339 2258; x_wconf 88' lang='lat' dir='ltr'>sanctitatis</span> <span class='ocrx_word' id='word_1_129' title='bbox 1350 2201 1483 2288; x_wconf 81' lang='lat' dir='ltr'>vestrae</span> <span class='ocrx_word' id='word_1_130' title='bbox 1495 2189 1588 2276; x_wconf 86' lang='lat' dir='ltr'>prin-</span> 
     </span>
     <span class='ocr_line' id='line_1_16' title="bbox 367 2305 1586 2392; baseline 0.002 -22"><span class='ocrx_word' id='word_1_131' title='bbox 367 2305 467 2392; x_wconf 91' lang='lat' dir='ltr'>cipali</span> <span class='ocrx_word' id='word_1_132' title='bbox 478 2305 647 2385; x_wconf 88' lang='lat' dir='ltr'>instituto,</span> <span class='ocrx_word' id='word_1_133' title='bbox 662 2327 779 2371; x_wconf 90' lang='lat' dir='ltr'>curam</span> <span class='ocrx_word' id='word_1_134' title='bbox 791 2305 938 2390; x_wconf 89' lang='lat' dir='ltr'>aliquam</span> <span class='ocrx_word' id='word_1_135' title='bbox 951 2305 1174 2372; x_wconf 68' lang='lat' dir='ltr'>zmonialium</span> <span class='ocrx_word' id='word_1_136' title='bbox 1186 2307 1241 2372; x_wconf 92' lang='lat' dir='ltr'>vel</span> <span class='ocrx_word' id='word_1_137' title='bbox 1252 2327 1418 2386; x_wconf 91' lang='lat' dir='ltr'>sororum,</span> <span class='ocrx_word' id='word_1_138' title='bbox 1428 2329 1489 2374; x_wconf 92' lang='lat' dir='ltr'>seu</span> <span class='ocrx_word' id='word_1_139' title='bbox 1502 2329 1586 2391; x_wconf 93' lang='lat' dir='ltr'>qua-</span> 
     </span>
     <span class='ocr_line' id='line_1_17' title="bbox 367 2419 1587 2506; baseline 0 -20"><span class='ocrx_word' id='word_1_140' title='bbox 367 2433 594 2505; x_wconf 86' lang='lat' dir='ltr'>rumcumque</span> <span class='ocrx_word' id='word_1_141' title='bbox 609 2419 788 2486; x_wconf 91' lang='lat' dir='ltr'>mulierum</span> <span class='ocrx_word' id='word_1_142' title='bbox 804 2420 990 2506; x_wconf 87' lang='lat' dir='ltr'>suscipere,</span> <span class='ocrx_word' id='word_1_143' title='bbox 1008 2433 1068 2487; x_wconf 92' lang='lat' dir='ltr'>aut</span> <span class='ocrx_word' id='word_1_144' title='bbox 1084 2421 1233 2506; x_wconf 91' lang='lat' dir='ltr'>ipsarum</span> <span class='ocrx_word' id='word_1_145' title='bbox 1249 2430 1366 2487; x_wconf 90' lang='lat' dir='ltr'>votum</span> <span class='ocrx_word' id='word_1_146' title='bbox 1384 2421 1522 2506; x_wconf 90' lang='lat' dir='ltr'>aliquod</span> <span class='ocrx_word' id='word_1_147' title='bbox 1533 2423 1587 2488; x_wconf 90' lang='lat' dir='ltr'>vel</span> 
     </span>
     <span class='ocr_line' id='line_1_18' title="bbox 368 2535 1588 2621; baseline 0.007 -19"><span class='ocrx_word' id='word_1_148' title='bbox 368 2535 597 2604; x_wconf 87' lang='lat' dir='ltr'>obedientiam</span> <span class='ocrx_word' id='word_1_149' title='bbox 618 2535 780 2620; x_wconf 80' lang='lat' dir='ltr'>recipere3</span> <span class='ocrx_word' id='word_1_150' title='bbox 802 2536 963 2621; x_wconf 87' lang='lat' dir='ltr'>ipsosque</span> <span class='ocrx_word' id='word_1_151' title='bbox 986 2537 1029 2602; x_wconf 90' lang='lat' dir='ltr'>ad</span> <span class='ocrx_word' id='word_1_152' title='bbox 1052 2535 1246 2603; x_wconf 91' lang='lat' dir='ltr'>huiusmodi</span> <span class='ocrx_word' id='word_1_153' title='bbox 1270 2557 1387 2604; x_wconf 89' lang='lat' dir='ltr'>curam</span> <span class='ocrx_word' id='word_1_154' title='bbox 1410 2537 1588 2610; x_wconf 83' lang='lat' dir='ltr'>mulierum</span> 
     </span>
     <span class='ocr_line' id='line_1_19' title="bbox 367 2650 1587 2737; baseline 0.002 -20"><span class='ocrx_word' id='word_1_155' title='bbox 367 2650 617 2737; x_wconf 86' lang='lat' dir='ltr'>suscipiendam</span> <span class='ocrx_word' id='word_1_156' title='bbox 633 2651 728 2718; x_wconf 94' lang='lat' dir='ltr'>nullo</span> <span class='ocrx_word' id='word_1_157' title='bbox 743 2653 846 2718; x_wconf 90' lang='lat' dir='ltr'>modo</span> <span class='ocrx_word' id='word_1_158' title='bbox 863 2651 970 2721; x_wconf 91' lang='lat' dir='ltr'>teneri</span> <span class='ocrx_word' id='word_1_159' title='bbox 992 2653 1128 2733; x_wconf 88' lang='lat' dir='ltr'>debere,</span> <span class='ocrx_word' id='word_1_160' title='bbox 1151 2673 1214 2719; x_wconf 92' lang='lat' dir='ltr'>nec</span> <span class='ocrx_word' id='word_1_161' title='bbox 1235 2673 1354 2721; x_wconf 91' lang='lat' dir='ltr'>eorum</span> <span class='ocrx_word' id='word_1_162' title='bbox 1376 2651 1531 2721; x_wconf 90' lang='lat' dir='ltr'>instituto</span> <span class='ocrx_word' id='word_1_163' title='bbox 1553 2663 1587 2720; x_wconf 92' lang='lat' dir='ltr'>et</span> 
     </span>
     <span class='ocr_line' id='line_1_20' title="bbox 368 2766 1121 2852; baseline 0 -17"><span class='ocrx_word' id='word_1_164' title='bbox 368 2766 532 2835; x_wconf 86' lang='lat' dir='ltr'>Societati</span> <span class='ocrx_word' id='word_1_165' title='bbox 548 2767 708 2852; x_wconf 88' lang='lat' dir='ltr'>expedire</span> <span class='ocrx_word' id='word_1_166' title='bbox 723 2768 747 2833; x_wconf 86' lang='lat'>¹.</span> <span class='ocrx_word' id='word_1_167' title='bbox 766 2768 847 2834; x_wconf 93' lang='lat' dir='ltr'>Non</span> <span class='ocrx_word' id='word_1_168' title='bbox 863 2768 1079 2835; x_wconf 90' lang='lat' dir='ltr'>obstantibus</span> <span class='ocrx_word' id='word_1_169' title='bbox 1094 2767 1121 2835; x_wconf 79' lang='lat'>¹¹.</span> 
     </span>
    </p>

    <p class='ocr_par' dir='ltr' id='par_1_3' title="bbox 366 2878 1588 3198">
     <span class='ocr_line' id='line_1_21' title="bbox 433 2878 1588 2970; baseline 0.003 -23"><span class='ocrx_word' id='word_1_170' title='bbox 433 2884 571 2949; x_wconf 87' lang='lat' dir='ltr'>Etcum</span> <span class='ocrx_word' id='word_1_171' title='bbox 592 2882 680 2949; x_wconf 76' lang='lat' dir='ltr'>ab.¹¹e</span> <span class='ocrx_word' id='word_1_172' title='bbox 699 2895 782 2964; x_wconf 83' lang='lat' dir='ltr'>etc,</span> <span class='ocrx_word' id='word_1_173' title='bbox 805 2902 840 2951; x_wconf 88' lang='lat' dir='ltr'>et</span> <span class='ocrx_word' id='word_1_174' title='bbox 860 2884 997 2950; x_wconf 89' lang='lat' dir='ltr'>decreto</span> <span class='ocrx_word' id='word_1_175' title='bbox 1020 2896 1055 2951; x_wconf 92' lang='lat' dir='ltr'>et</span> <span class='ocrx_word' id='word_1_176' title='bbox 1078 2884 1307 2969; x_wconf 88' lang='lat' dir='ltr'>prohibitione</span> <span class='ocrx_word' id='word_1_177' title='bbox 1330 2896 1412 2966; x_wconf 79' lang='lat' dir='ltr'>etc,</span> <span class='ocrx_word' id='word_1_178' title='bbox 1439 2878 1473 2953; x_wconf 77' lang='lat' dir='ltr'>&#39;et</span> <span class='ocrx_word' id='word_1_179' title='bbox 1496 2886 1588 2970; x_wconf 94' lang='lat' dir='ltr'>quod</span> 
     </span>
     <span class='ocr_line' id='line_1_22' title="bbox 366 2998 1588 3085; baseline 0.003 -23"><span class='ocrx_word' id='word_1_180' title='bbox 366 3008 562 3083; x_wconf 87' lang='lat' dir='ltr'>praesentes</span> <span class='ocrx_word' id='word_1_181' title='bbox 579 3020 638 3083; x_wconf 90' lang='lat' dir='ltr'>per</span> <span class='ocrx_word' id='word_1_182' title='bbox 653 3000 760 3067; x_wconf 88' lang='lat' dir='ltr'>breue</span> <span class='ocrx_word' id='word_1_183' title='bbox 776 3020 838 3065; x_wconf 89' lang='lat' dir='ltr'>seu</span> <span class='ocrx_word' id='word_1_184' title='bbox 854 3020 913 3083; x_wconf 89' lang='lat' dir='ltr'>per</span> <span class='ocrx_word' id='word_1_185' title='bbox 929 2998 1061 3066; x_wconf 88' lang='lat' dir='ltr'>litteras</span> <span class='ocrx_word' id='word_1_186' title='bbox 1076 3000 1304 3067; x_wconf 89' lang='lat' dir='ltr'>contradictas</span> <span class='ocrx_word' id='word_1_187' title='bbox 1319 2999 1327 3039; x_wconf 65' lang='lat' dir='ltr'>l</span> <span class='ocrx_word' id='word_1_188' title='bbox 1342 3001 1380 3069; x_wconf 90' lang='lat' dir='ltr'>S.</span> <span class='ocrx_word' id='word_1_189' title='bbox 1396 3002 1443 3067; x_wconf 89' lang='lat' dir='ltr'>V.</span> <span class='ocrx_word' id='word_1_190' title='bbox 1458 2998 1588 3085; x_wconf 91' lang='lat' dir='ltr'>possint</span> 
     </span>
     <span class='ocr_line' id='line_1_23' title="bbox 366 3114 530 3198; baseline -0.006 -18"><span class='ocrx_word' id='word_1_191' title='bbox 366 3114 530 3198; x_wconf 86' lang='lat' dir='ltr'>expediri.</span> 
     </span>
    </p>
   </div>
   <div class='ocr_carea' id='block_1_3' title="bbox 366 3374 1638 3891">
    <p class='ocr_par' dir='ltr' id='par_1_4' title="bbox 366 3374 1638 3891">
     <span class='ocr_line' id='line_1_24' title="bbox 417 3374 1588 3446; baseline 0.001 -18"><span class='ocrx_word' id='word_1_192' title='bbox 417 3388 430 3417; x_wconf 68' lang='grc' dir='ltr'><strong><em>ο</em></strong></span> <span class='ocrx_word' id='word_1_193' title='bbox 466 3376 502 3429; x_wconf 85' lang='lat' dir='ltr'>In</span> <span class='ocrx_word' id='word_1_194' title='bbox 516 3391 572 3429; x_wconf 89' lang='lat' dir='ltr'>ms.</span> <span class='ocrx_word' id='word_1_195' title='bbox 586 3391 628 3444; x_wconf 91' lang='lat' dir='ltr'>pr.</span> <span class='ocrx_word' id='word_1_196' title='bbox 644 3390 680 3441; x_wconf 90' lang='lat' dir='ltr'>s.;</span> <span class='ocrx_word' id='word_1_197' title='bbox 698 3375 778 3443; x_wconf 84' lang='lat' dir='ltr'>quod</span> <span class='ocrx_word' id='word_1_198' title='bbox 795 3374 987 3438; x_wconf 67' lang='lat' dir='ltr'>«Bellunum,</span> <span class='ocrx_word' id='word_1_199' title='bbox 1007 3375 1201 3445; x_wconf 76' lang='lat' dir='ltr'>interpretati</span> <span class='ocrx_word' id='word_1_200' title='bbox 1217 3380 1299 3438; x_wconf 85' lang='lat' dir='ltr'>sunt,</span> <span class='ocrx_word' id='word_1_201' title='bbox 1318 3374 1484 3446; x_wconf 88' lang='lat' dir='ltr'>presbyteri</span> <span class='ocrx_word' id='word_1_202' title='bbox 1502 3391 1588 3446; x_wconf 89' lang='lat' dir='ltr'>supra</span> 
     </span>
     <span class='ocr_line' id='line_1_25' title="bbox 366 3462 1588 3535; baseline 0 -18"><span class='ocrx_word' id='word_1_203' title='bbox 366 3462 447 3517; x_wconf 84' lang='lat' dir='ltr'>dicti.</span> <span class='ocrx_word' id='word_1_204' title='bbox 463 3463 498 3516; x_wconf 84' lang='lat' dir='ltr'>ln</span> <span class='ocrx_word' id='word_1_205' title='bbox 511 3462 609 3517; x_wconf 80' lang='lat' dir='ltr'>codice</span> <span class='ocrx_word' id='word_1_206' title='bbox 622 3462 720 3515; x_wconf 82' lang='lat' dir='ltr'>«Hist.</span> <span class='ocrx_word' id='word_1_207' title='bbox 735 3463 772 3516; x_wconf 85' lang='lat' dir='ltr'>de</span> <span class='ocrx_word' id='word_1_208' title='bbox 792 3463 856 3517; x_wconf 87' lang='lat' dir='ltr'>Soc.</span> <span class='ocrx_word' id='word_1_209' title='bbox 873 3462 967 3533; x_wconf 79' lang='lat' dir='ltr'>Jesuu</span> <span class='ocrx_word' id='word_1_210' title='bbox 986 3467 1121 3533; x_wconf 76' lang='lat' dir='ltr'>expresse</span> <span class='ocrx_word' id='word_1_211' title='bbox 1138 3464 1285 3535; x_wconf 78' lang='lat' dir='ltr'>scriptum</span> <span class='ocrx_word' id='word_1_212' title='bbox 1305 3468 1362 3517; x_wconf 84' lang='lat' dir='ltr'>est:</span> <span class='ocrx_word' id='word_1_213' title='bbox 1375 3463 1464 3517; x_wconf 84' lang='lat' dir='ltr'>Pater</span> <span class='ocrx_word' id='word_1_214' title='bbox 1476 3471 1588 3518; x_wconf 88' lang='lat' dir='ltr'>sancte.</span> 
     </span>
     <span class='ocr_line' id='line_1_26' title="bbox 366 3551 1589 3623; baseline 0 -18"><span class='ocrx_word' id='word_1_215' title='bbox 366 3554 416 3594; x_wconf 84' lang='lat' dir='ltr'>-d</span> <span class='ocrx_word' id='word_1_216' title='bbox 436 3551 602 3622; x_wconf 90' lang='lat' dir='ltr'>mulierum,</span> <span class='ocrx_word' id='word_1_217' title='bbox 619 3551 727 3606; x_wconf 89' lang='lat' dir='ltr'>deuote</span> <span class='ocrx_word' id='word_1_218' title='bbox 745 3553 826 3607; x_wconf 68' lang='lat' dir='ltr'>Hor.</span> <span class='ocrx_word' id='word_1_219' title='bbox 845 3554 881 3607; x_wconf 84' lang='lat' dir='ltr'>de</span> <span class='ocrx_word' id='word_1_220' title='bbox 904 3553 969 3608; x_wconf 86' lang='lat' dir='ltr'>Soc.</span> <span class='ocrx_word' id='word_1_221' title='bbox 987 3553 1074 3623; x_wconf 72' lang='lat' dir='ltr'>Jesu.</span> <span class='ocrx_word' id='word_1_222' title='bbox 1113 3568 1160 3595; x_wconf 64' lang='grc' dir='ltr'>-ε</span> <span class='ocrx_word' id='word_1_223' title='bbox 1179 3555 1301 3608; x_wconf 86' lang='lat' dir='ltr'>verbum</span> <span class='ocrx_word' id='word_1_224' title='bbox 1324 3562 1354 3607; x_wconf 90' lang='lat' dir='ltr'>et</span> <span class='ocrx_word' id='word_1_225' title='bbox 1377 3553 1484 3607; x_wconf 81' lang='lat' dir='ltr'>uibid.»</span> <span class='ocrx_word' id='word_1_226' title='bbox 1506 3558 1534 3607; x_wconf 78' lang='lat' dir='ltr'>ct</span> <span class='ocrx_word' id='word_1_227' title='bbox 1556 3554 1589 3606; x_wconf 80' lang='lat' dir='ltr'>in</span> 
     </span>
     <span class='ocr_line' id='line_1_27' title="bbox 368 3639 1638 3713; baseline 0.002 -20"><span class='ocrx_word' id='word_1_228' title='bbox 368 3640 549 3695; x_wconf 72' lang='lat' dir='ltr'>«Bollundm</span> <span class='ocrx_word' id='word_1_229' title='bbox 586 3642 633 3681; x_wconf 77' lang='lat' dir='ltr'>-s</span> <span class='ocrx_word' id='word_1_230' title='bbox 647 3639 796 3695; x_wconf 90' lang='lat' dir='ltr'>declarare</span> <span class='ocrx_word' id='word_1_231' title='bbox 808 3658 842 3696; x_wconf 84' lang='lat' dir='ltr'>ac</span> <span class='ocrx_word' id='word_1_232' title='bbox 856 3642 964 3696; x_wconf 60' lang='lat' dir='ltr'>«illidor</span> <span class='ocrx_word' id='word_1_233' title='bbox 978 3646 1006 3695; x_wconf 82' lang='lat' dir='ltr'>et</span> <span class='ocrx_word' id='word_1_234' title='bbox 1023 3642 1057 3696; x_wconf 77' lang='lat' dir='ltr'>in</span> <span class='ocrx_word' id='word_1_235' title='bbox 1077 3642 1257 3697; x_wconf 72' lang='lat' dir='ltr'>«Bollaudm</span> <span class='ocrx_word' id='word_1_236' title='bbox 1295 3658 1344 3696; x_wconf 77' lang='lat' dir='ltr'>-s</span> <span class='ocrx_word' id='word_1_237' title='bbox 1364 3659 1463 3697; x_wconf 86' lang='lat' dir='ltr'>curam</span> <span class='ocrx_word' id='word_1_238' title='bbox 1482 3641 1589 3713; x_wconf 85' lang='lat' dir='ltr'>aliqua·</span> <span class='ocrx_word' id='word_1_239' title='bbox 1632 3700 1638 3713; x_wconf 50' lang='lat'>‚</span> 
     </span>
     <span class='ocr_line' id='line_1_28' title="bbox 367 3728 1590 3803; baseline 0 -20"><span class='ocrx_word' id='word_1_240' title='bbox 367 3746 432 3783; x_wconf 89' lang='lat' dir='ltr'>rum</span> <span class='ocrx_word' id='word_1_241' title='bbox 444 3730 589 3783; x_wconf 82' lang='lat' dir='ltr'>Bollond.</span> <span class='ocrx_word' id='word_1_242' title='bbox 627 3730 676 3771; x_wconf 71' lang='lat' dir='ltr'>-h</span> <span class='ocrx_word' id='word_1_243' title='bbox 695 3728 755 3783; x_wconf 87' lang='lat' dir='ltr'>Hic</span> <span class='ocrx_word' id='word_1_244' title='bbox 767 3730 877 3784; x_wconf 81' lang='lat' dir='ltr'>desinit</span> <span class='ocrx_word' id='word_1_245' title='bbox 890 3729 988 3783; x_wconf 77' lang='lat' dir='ltr'>«Hist.</span> <span class='ocrx_word' id='word_1_246' title='bbox 1003 3732 1039 3785; x_wconf 85' lang='lat' dir='ltr'>de</span> <span class='ocrx_word' id='word_1_247' title='bbox 1053 3730 1117 3785; x_wconf 88' lang='lat' dir='ltr'>Soc.</span> <span class='ocrx_word' id='word_1_248' title='bbox 1129 3730 1235 3801; x_wconf 81' lang='lat' dir='ltr'>Jesun;</span> <span class='ocrx_word' id='word_1_249' title='bbox 1248 3732 1332 3803; x_wconf 77' lang='lat' dir='ltr'>apud</span> <span class='ocrx_word' id='word_1_250' title='bbox 1344 3730 1524 3785; x_wconf 70' lang='lat' dir='ltr'>«Bolluudm</span> <span class='ocrx_word' id='word_1_251' title='bbox 1538 3731 1590 3784; x_wconf 86' lang='lat' dir='ltr'>ud·</span> 
     </span>
     <span class='ocr_line' id='line_1_29' title="bbox 367 3818 1217 3891; baseline 0 -18"><span class='ocrx_word' id='word_1_252' title='bbox 367 3820 453 3873; x_wconf 84' lang='lat' dir='ltr'>ditur</span> <span class='ocrx_word' id='word_1_253' title='bbox 466 3822 586 3873; x_wconf 82' lang='lat' dir='ltr'>tantum</span> <span class='ocrx_word' id='word_1_254' title='bbox 599 3824 656 3872; x_wconf 91' lang='lat' dir='ltr'>etc.</span> <span class='ocrx_word' id='word_1_255' title='bbox 670 3822 698 3873; x_wconf 83' lang='lat' dir='ltr'>et</span> <span class='ocrx_word' id='word_1_256' title='bbox 710 3818 884 3891; x_wconf 84' lang='lat' dir='ltr'>sicfinitur.</span> <span class='ocrx_word' id='word_1_257' title='bbox 923 3820 966 3861; x_wconf 83' lang='grc' dir='ltr'>-ἰ</span> <span class='ocrx_word' id='word_1_258' title='bbox 984 3818 1150 3877; x_wconf 68' lang='lat' dir='ltr'>contrad.tus</span> <span class='ocrx_word' id='word_1_259' title='bbox 1162 3838 1217 3874; x_wconf 87' lang='lat' dir='ltr'>ms.</span> 
     </span>
    </p>
   </div>
   <div class='ocr_carea' id='block_1_4' title="bbox 373 3960 405 3968">
    <p class='ocr_par' dir='ltr' id='par_1_5' title="bbox 373 3960 405 3968">
     <span class='ocr_line' id='line_1_30' title="bbox 373 3960 405 3968; baseline -0.031 0"><span class='ocrx_word' id='word_1_260' title='bbox 373 3960 405 3968; x_wconf 75' lang='grc'>.-</span> 
     </span>
    </p>
   </div>
   <div class='ocr_carea' id='block_1_5' title="bbox 367 4040 1597 4649">
    <p class='ocr_par' dir='ltr' id='par_1_6' title="bbox 367 4040 1597 4649">
     <span class='ocr_line' id='line_1_31' title="bbox 417 4040 1591 4115; baseline 0.003 -20"><span class='ocrx_word' id='word_1_261' title='bbox 417 4045 428 4075; x_wconf 83' lang='lat'>¹</span> <span class='ocrx_word' id='word_1_262' title='bbox 465 4040 531 4097; x_wconf 84' lang='lat' dir='ltr'>Hoc</span> <span class='ocrx_word' id='word_1_263' title='bbox 543 4049 775 4108; x_wconf 90' lang='lat' dir='ltr'>monumentum,</span> <span class='ocrx_word' id='word_1_264' title='bbox 785 4040 811 4096; x_wconf 91' lang='lat' dir='ltr'>si</span> <span class='ocrx_word' id='word_1_265' title='bbox 820 4059 888 4096; x_wconf 90' lang='lat' dir='ltr'>cum</span> <span class='ocrx_word' id='word_1_266' title='bbox 897 4040 1034 4113; x_wconf 86' lang='lat' dir='ltr'>sequenti</span> <span class='ocrx_word' id='word_1_267' title='bbox 1043 4042 1221 4113; x_wconf 83' lang='lat' dir='ltr'>conferatur,</span> <span class='ocrx_word' id='word_1_268' title='bbox 1232 4044 1311 4115; x_wconf 90' lang='lat' dir='ltr'>prius</span> <span class='ocrx_word' id='word_1_269' title='bbox 1320 4042 1487 4097; x_wconf 86' lang='lat' dir='ltr'>confectum</span> <span class='ocrx_word' id='word_1_270' title='bbox 1497 4042 1591 4099; x_wconf 84' lang='lat' dir='ltr'>fuisse</span> 
     </span>
     <span class='ocr_line' id='line_1_32' title="bbox 369 4123 1590 4203; baseline 0.003 -20"><span class='ocrx_word' id='word_1_271' title='bbox 369 4129 494 4199; x_wconf 83' lang='lat' dir='ltr'>videtur,</span> <span class='ocrx_word' id='word_1_272' title='bbox 509 4123 597 4203; x_wconf 81' lang='lat' dir='ltr'>atque</span> <span class='ocrx_word' id='word_1_273' title='bbox 610 4148 677 4187; x_wconf 89' lang='lat' dir='ltr'>esse</span> <span class='ocrx_word' id='word_1_274' title='bbox 689 4130 823 4203; x_wconf 86' lang='lat' dir='ltr'>ejusdem</span> <span class='ocrx_word' id='word_1_275' title='bbox 835 4132 919 4203; x_wconf 86' lang='lat' dir='ltr'>quasi</span> <span class='ocrx_word' id='word_1_276' title='bbox 933 4130 1125 4187; x_wconf 86' lang='lat' dir='ltr'>adumbratio.</span> <span class='ocrx_word' id='word_1_277' title='bbox 1140 4132 1276 4203; x_wconf 84' lang='lat' dir='ltr'>Magnam</span> <span class='ocrx_word' id='word_1_278' title='bbox 1296 4132 1483 4188; x_wconf 87' lang='lat' dir='ltr'>nihilominus</span> <span class='ocrx_word' id='word_1_279' title='bbox 1501 4134 1590 4187; x_wconf 87' lang='lat' dir='ltr'>habet</span> 
     </span>
     <span class='ocr_line' id='line_1_33' title="bbox 368 4218 1590 4293; baseline 0.003 -21"><span class='ocrx_word' id='word_1_280' title='bbox 368 4218 583 4287; x_wconf 84' lang='lat' dir='ltr'>auctoritatem,</span> <span class='ocrx_word' id='word_1_281' title='bbox 596 4238 672 4291; x_wconf 91' lang='lat' dir='ltr'>quae</span> <span class='ocrx_word' id='word_1_282' title='bbox 684 4220 753 4275; x_wconf 91' lang='lat' dir='ltr'>inde</span> <span class='ocrx_word' id='word_1_283' title='bbox 763 4219 947 4293; x_wconf 90' lang='lat' dir='ltr'>potissimum</span> <span class='ocrx_word' id='word_1_284' title='bbox 958 4220 1099 4291; x_wconf 85' lang='lat' dir='ltr'>nascitur,</span> <span class='ocrx_word' id='word_1_285' title='bbox 1110 4221 1188 4293; x_wconf 91' lang='lat' dir='ltr'>quod</span> <span class='ocrx_word' id='word_1_286' title='bbox 1198 4221 1229 4275; x_wconf 92' lang='lat' dir='ltr'>S.</span> <span class='ocrx_word' id='word_1_287' title='bbox 1241 4221 1347 4291; x_wconf 85' lang='lat' dir='ltr'>Ignatii</span> <span class='ocrx_word' id='word_1_288' title='bbox 1358 4221 1492 4277; x_wconf 87' lang='lat' dir='ltr'>manibus</span> <span class='ocrx_word' id='word_1_289' title='bbox 1502 4230 1590 4276; x_wconf 85' lang='lat' dir='ltr'>attre-</span> 
     </span>
     <span class='ocr_line' id='line_1_34' title="bbox 368 4306 1590 4382; baseline 0.003 -21"><span class='ocrx_word' id='word_1_290' title='bbox 368 4314 479 4362; x_wconf 87' lang='lat' dir='ltr'>ctatum</span> <span class='ocrx_word' id='word_1_291' title='bbox 491 4306 591 4377; x_wconf 77' lang='lat' dir='ltr'>tuerit,</span> <span class='ocrx_word' id='word_1_292' title='bbox 604 4309 654 4381; x_wconf 90' lang='lat' dir='ltr'>qui</span> <span class='ocrx_word' id='word_1_293' title='bbox 667 4310 764 4364; x_wconf 89' lang='lat' dir='ltr'>eidem</span> <span class='ocrx_word' id='word_1_294' title='bbox 776 4309 935 4381; x_wconf 84' lang='lat' dir='ltr'>inscripsit:</span> <span class='ocrx_word' id='word_1_295' title='bbox 951 4308 1062 4364; x_wconf 77' lang='lat' dir='ltr'>«Sobre</span> <span class='ocrx_word' id='word_1_296' title='bbox 1076 4326 1212 4380; x_wconf 83' lang='lat' dir='ltr'>mugeres</span> <span class='ocrx_word' id='word_1_297' title='bbox 1225 4309 1383 4382; x_wconf 84' lang='lat' dir='ltr'>profesasu.</span> <span class='ocrx_word' id='word_1_298' title='bbox 1398 4312 1498 4381; x_wconf 85' lang='lat' dir='ltr'>Quare</span> <span class='ocrx_word' id='word_1_299' title='bbox 1511 4328 1528 4365; x_wconf 85' lang='lat' dir='ltr'>a</span> <span class='ocrx_word' id='word_1_300' title='bbox 1541 4328 1590 4365; x_wconf 89' lang='lat' dir='ltr'>no·</span> 
     </span>
     <span class='ocr_line' id='line_1_35' title="bbox 368 4396 1591 4472; baseline 0.003 -22"><span class='ocrx_word' id='word_1_301' title='bbox 368 4396 415 4461; x_wconf 74' lang='lat' dir='ltr'>bis</span> <span class='ocrx_word' id='word_1_302' title='bbox 428 4397 458 4451; x_wconf 88' lang='lat' dir='ltr'>in</span> <span class='ocrx_word' id='word_1_303' title='bbox 471 4397 565 4451; x_wconf 91' lang='lat' dir='ltr'>lucem</span> <span class='ocrx_word' id='word_1_304' title='bbox 580 4397 770 4469; x_wconf 86' lang='lat' dir='ltr'>promendum</span> <span class='ocrx_word' id='word_1_305' title='bbox 783 4407 857 4470; x_wconf 86' lang='lat' dir='ltr'>erat,</span> <span class='ocrx_word' id='word_1_306' title='bbox 871 4400 989 4455; x_wconf 87' lang='lat' dir='ltr'>etiarnsi</span> <span class='ocrx_word' id='word_1_307' title='bbox 1001 4406 1032 4454; x_wconf 90' lang='lat' dir='ltr'>et</span> <span class='ocrx_word' id='word_1_308' title='bbox 1050 4400 1185 4467; x_wconf 89' lang='lat' dir='ltr'>alterum,</span> <span class='ocrx_word' id='word_1_309' title='bbox 1202 4398 1280 4471; x_wconf 90' lang='lat' dir='ltr'>quod</span> <span class='ocrx_word' id='word_1_310' title='bbox 1297 4400 1429 4472; x_wconf 90' lang='lat' dir='ltr'>proxime</span> <span class='ocrx_word' id='word_1_311' title='bbox 1446 4398 1591 4472; x_wconf 85' lang='lat' dir='ltr'>sequitur,</span> 
     </span>
     <span class='ocr_line' id='line_1_36' title="bbox 367 4483 1590 4560; baseline 0.004 -22"><span class='ocrx_word' id='word_1_312' title='bbox 367 4483 533 4541; x_wconf 81' lang='lat' dir='ltr'>ederemus.</span> <span class='ocrx_word' id='word_1_313' title='bbox 548 4487 623 4544; x_wconf 90' lang='lat' dir='ltr'>Illud</span> <span class='ocrx_word' id='word_1_314' title='bbox 636 4487 757 4542; x_wconf 87' lang='lat' dir='ltr'>enimet</span> <span class='ocrx_word' id='word_1_315' title='bbox 770 4488 901 4560; x_wconf 85' lang='lat' dir='ltr'>pontifici</span> <span class='ocrx_word' id='word_1_316' title='bbox 915 4488 1042 4544; x_wconf 85' lang='lat' dir='ltr'>maximo</span> <span class='ocrx_word' id='word_1_317' title='bbox 1056 4487 1174 4543; x_wconf 91' lang='lat' dir='ltr'>tandem</span> <span class='ocrx_word' id='word_1_318' title='bbox 1187 4490 1317 4544; x_wconf 91' lang='lat' dir='ltr'>oblatum</span> <span class='ocrx_word' id='word_1_319' title='bbox 1330 4487 1398 4560; x_wconf 87' lang='lat' dir='ltr'>fuit,</span> <span class='ocrx_word' id='word_1_320' title='bbox 1411 4496 1441 4543; x_wconf 90' lang='lat' dir='ltr'>et</span> <span class='ocrx_word' id='word_1_321' title='bbox 1454 4488 1537 4545; x_wconf 89' lang='lat' dir='ltr'>Pauli</span> <span class='ocrx_word' id='word_1_322' title='bbox 1547 4490 1590 4543; x_wconf 88' lang='lat'>111</span> 
     </span>
     <span class='ocr_line' id='line_1_37' title="bbox 368 4575 1597 4649; baseline 0.004 -22"><span class='ocrx_word' id='word_1_323' title='bbox 368 4575 587 4629; x_wconf 75' lang='lat' dir='ltr'>concessionem</span> <span class='ocrx_word' id='word_1_324' title='bbox 610 4576 711 4643; x_wconf 90' lang='lat' dir='ltr'>dere,</span> <span class='ocrx_word' id='word_1_325' title='bbox 733 4594 808 4647; x_wconf 89' lang='lat' dir='ltr'>quae</span> <span class='ocrx_word' id='word_1_326' title='bbox 830 4579 995 4649; x_wconf 86' lang='lat' dir='ltr'>petebatur,</span> <span class='ocrx_word' id='word_1_327' title='bbox 1019 4577 1160 4633; x_wconf 87' lang='lat' dir='ltr'>continet.</span> <span class='ocrx_word' id='word_1_328' title='bbox 1185 4578 1371 4649; x_wconf 83' lang='lat' dir='ltr'>Quapropter</span> <span class='ocrx_word' id='word_1_329' title='bbox 1393 4576 1488 4632; x_wconf 90' lang='lat' dir='ltr'>omitti</span> <span class='ocrx_word' id='word_1_330' title='bbox 1510 4578 1597 4633; x_wconf 88' lang='lat' dir='ltr'>nullo</span> 
     </span>
    </p>
   </div>
   <div class='ocr_carea' id='block_1_6' title="bbox 366 4662 1593 4808">
    <p class='ocr_par' dir='ltr' id='par_1_7' title="bbox 366 4662 1593 4808">
     <span class='ocr_line' id='line_1_38' title="bbox 369 4662 1593 4740; baseline 0.003 -23"><span class='ocrx_word' id='word_1_331' title='bbox 369 4662 453 4717; x_wconf 90' lang='lat' dir='ltr'>modo</span> <span class='ocrx_word' id='word_1_332' title='bbox 466 4674 591 4730; x_wconf 90' lang='lat' dir='ltr'>poterat.</span> <span class='ocrx_word' id='word_1_333' title='bbox 605 4666 704 4736; x_wconf 82' lang='lat' dir='ltr'>Atque</span> <span class='ocrx_word' id='word_1_334' title='bbox 720 4666 793 4719; x_wconf 84' lang='lat' dir='ltr'>haec</span> <span class='ocrx_word' id='word_1_335' title='bbox 809 4683 898 4721; x_wconf 89' lang='lat' dir='ltr'>causa</span> <span class='ocrx_word' id='word_1_336' title='bbox 916 4674 961 4721; x_wconf 89' lang='lat' dir='ltr'>est</span> <span class='ocrx_word' id='word_1_337' title='bbox 978 4682 1030 4722; x_wconf 90' lang='lat' dir='ltr'>cur</span> <span class='ocrx_word' id='word_1_338' title='bbox 1047 4674 1202 4740; x_wconf 87' lang='lat' dir='ltr'>utrumque</span> <span class='ocrx_word' id='word_1_339' title='bbox 1219 4669 1386 4739; x_wconf 85' lang='lat' dir='ltr'>exemplum</span> <span class='ocrx_word' id='word_1_340' title='bbox 1404 4668 1485 4739; x_wconf 90' lang='lat' dir='ltr'>prelo</span> <span class='ocrx_word' id='word_1_341' title='bbox 1502 4666 1593 4739; x_wconf 85' lang='lat' dir='ltr'>subji-</span> 
     </span>
     <span class='ocr_line' id='line_1_39' title="bbox 366 4768 1298 4808; baseline 0 -1"><span class='ocrx_word' id='word_1_342' title='bbox 366 4768 471 4808; x_wconf 80' lang='lat' dir='ltr'>cimus.</span> <span class='ocrx_word' id='word_1_343' title='bbox 1295 4768 1298 4777; x_wconf 87' lang='grc'><strong><em>’</em></strong></span> 
     </span>
    </p>
   </div>
   <div class='ocr_carea' id='block_1_7' title="bbox 0 0 1818 5400">
    <p class='ocr_par' dir='ltr' id='par_1_8' title="bbox 0 0 1818 5400">
     <span class='ocr_line' id='line_1_40' title="bbox 0 0 1818 5400; baseline 0 2"><span class='ocrx_word' id='word_1_344' title='bbox 0 0 1818 5400; x_wconf 95' lang='lat' dir='ltr'> </span> 
     </span>
    </p>
   </div>
  </div>
 </body>
</html>
