3625 5400
396 521 448 592 518
770 523 978 579 Mouurrsurn
996 522 1174 578 lanarum

302 721 318 742 ,
359 696 442 761 ceps
457 677 643 762 procedere
658 675 801 762 possint,
821 677 914 762 quod
930 697 972 742 ex
988 697 1081 744 nunc
1096 676 1140 744 de
1156 685 1272 745 cetero
1290 687 1442 744 oratores
1462 676 1583 763 prefati

359 792 565 861 monasteria
581 813 642 859 seu
658 794 779 859 domos
798 792 997 859 monialium
1020 794 1074 862 vel
1095 813 1249 859 sororum
1272 804 1331 858 aut
1351 792 1482 878 aliquas
1501 791 1586 859 alias

359 907 519 977 mulieres
533 910 599 974 sub
614 929 732 974 eorum
749 908 940 978 obedientia
963 908 999 974 in
1019 907 1204 988 communi,
1227 910 1282 976 vel
1302 907 1397 989 alias,
1420 907 1583 974 virtutum

360 1023 509 1091 Domino
525 1024 682 1091 famulari
696 1024 928 1104 intendentes,
946 1025 1011 1090 sub
1026 1043 1145 1092 eorum
1158 1037 1241 1089 cura
1255 1034 1291 1092 et
1303 1021 1469 1090 institutis
1480 1044 1585 1110 regu-

360 1139 488 1206 laribus
507 1138 682 1225 suscipere
701 1138 839 1207 minime
860 1149 1053 1219 teneantur,
1078 1149 1244 1226 perpetuo
1264 1149 1416 1207 statuere
1436 1148 1471 1206 et
1493 1136 1585 1204 ordi—

360 1278 455 1335 nare,
478 1256 685 1340 eosdemque
707 1265 858 1322 oratores
877 1257 921 1321 ab
944 1254 1139 1322 huiusmodi
1166 1277 1269 1324 onere
1292 1253 1499 1341 suscipiendi
1523 1254 1587 1320 sub

360 1391 478 1438 eorum
494 1371 700 1450 obedientia,
718 1381 756 1436 vt
770 1370 992 1457 premittitur,
1011 1371 1162 1456 prefatas
1183 1369 1356 1450 muliereS,
1379 1369 1527 1437 eximere
1552 1378 1588 1435 et

359 1485 514 1564 liberare,
533 1507 660 1571 eosque
675 1509 696 1552 a
712 1496 807 1553 tanto
819 1506 923 1554 onere
935 1485 1072 1565 liberos,
1086 1495 1263 1572 exemptos
1275 1495 1310 1551 et
1326 1485 1496 1552 immunes
1510 1506 1585 1569 per-

358 1612 464 1688 petuo
481 1603 554 1670 lore
569 1613 605 1670 et
620 1624 709 1682 esse,
726 1602 844 1688 sicque
861 1624 922 1688 per
942 1603 1167 1687 quoscunque
1185 1601 1316 1669 iudices
1337 1611 1371 1667 et
1387 1599 1475 1668 sacri
1491 1601 1586 1685 pala-

361 1715 396 1782 tii
413 1717 590 1804 apostolici
609 1716 783 1785 auditores
802 1716 954 1784 iudicare
974 1728 1055 1798 etc.,
1078 1717 1212 1784 sublata
1239 1727 1321 1796 etc,
1346 1714 1479 1782 irritum
1497 1735 1583 1800 quo-

242 1825 247 1836 ’
360 1855 427 1918 que
443 1845 525 1912 etc,
538 1833 641 1900 etiam
653 1835 838 1901 decernere
850 1845 886 1900 et
900 1833 1073 1902 declarare
1088 1833 1251 1918 dignetur
1267 1833 1310 1898 de
1326 1831 1436 1918 gratia
1452 1831 1582 1916 specia-

359 1948 394 2015 li.
409 1951 488 2015 Non
500 1949 716 2015 obstantibus
727 1949 912 2036 premissiS,
928 1971 968 2015 ac
980 1949 1158 2034 quibusuis
1174 1947 1383 2034 apostolicis,
1398 1967 1533 2014 necnon
1549 1945 1584 2011 in

358 2063 628 2150 prouincialibus
642 2075 677 2131 et
693 2063 902 2132 sinodalibus
915 2064 1067 2131 conciliis
1083 2063 1183 2132 editis
1199 2061 1418 2150 generalibus
1435 2061 1489 2130 vel
1505 2083 1584 2148 spe-

359 2179 502 2246 cialibus
514 2180 815 2247 constitutionibus
827 2192 862 2249 et
873 2180 1051 2247 ordinibus
1062 2178 1267 2264 statutisque
1279 2189 1314 2245 et
1325 2176 1584 2244 consuetudini-

359 2295 435 2378 bus,
445 2295 634 2380 priuilegiis
646 2317 793 2381 quoque,
803 2295 957 2374 indultis,
968 2307 1002 2364 et
1014 2295 1135 2361 litteris
1146 2293 1341 2381 apostolicis
1348 2291 1451 2360 etiam
1464 2291 1584 2360 Socie-

360 2410 420 2476 tati
436 2432 496 2478 seu
514 2410 623 2477 ordini
636 2410 832 2477 huiusmodi
847 2410 882 2476 in
898 2410 1107 2477 contrarium
1124 2389 1266 2476 forsitan
1282 2405 1455 2476 concessis
1470 2419 1484 2446 ⁸
1500 2417 1583 2487 etc,

360 2524 484 2609 quibus
499 2527 633 2593 illorum
657 2538 792 2594 tenores
810 2537 877 2594 etc.
900 2549 963 2613 pro
982 2526 1192 2594 sufficienter
1214 2523 1385 2611 expressis
1404 2524 1582 2602 habentes,

360 2641 426 2707 hac
441 2639 518 2710 vice
532 2641 698 2709 duntaxat
713 2642 876 2712 latissime
891 2644 1058 2729 derogare
1075 2643 1219 2729 placeat,
1239 2639 1431 2725 ceterisque
1447 2649 1579 2707 contra-

359 2756 418 2822 riis
434 2756 707 2842 quibuscunque,
725 2780 804 2826 cum
819 2758 983 2826 clausulis
998 2758 1199 2845 opportunis
1215 2767 1250 2824 et
1265 2754 1442 2823 consultis.

976 2876 1066 2944 Frnr
1091 2896 1137 2943 vr
1162 2894 1331 2941 rsmrux.
1360 2873 1405 2938 A.

427 2990 563 3055 Etcum
581 2991 794 3059 absolutione
813 3014 833 3057 a
852 2990 1007 3059 censuris
1022 2990 1037 3030 b
1052 2992 1096 3057 ad
1116 2992 1276 3058 effectum
1299 2998 1366 3056 etc.
1385 3022 1391 3080 p

359 3103 403 3167 Et
422 3104 466 3171 de
488 3114 630 3189 statuto,
652 3104 882 3188 ordinatione,
904 3106 1132 3193 exemptione,
1155 3105 1367 3187 liberatione,

358 3218 509 3300 decret0,
523 3221 763 3302 declaratione,
778 3243 912 3289 necnon
924 3220 1146 3307 derogatione
1158 3230 1193 3288 et
1205 3220 1280 3286 aliis
1292 3242 1370 3305 pre-

359 3333 560 3419 missisque
568 3358 630 3421 pro
641 3336 850 3404 sufficienter
862 3336 1015 3423 repetitis
1027 3337 1071 3402 ad
1078 3348 1207 3423 partem
1217 3338 1369 3405 habean-

359 3457 426 3515 tur.
446 3452 489 3515 Et
509 3451 600 3536 quod
619 3451 861 3537 premissorum
882 3452 1063 3519 comnium
1084 3462 1119 3519 et
1139 3452 1367 3539 singulorum,

358 3585 494 3631 necnon
510 3575 668 3633 tenorum
683 3565 698 3606 ‘¹
718 3567 954 3648 institutionis,
973 3568 1241 3635 confirmationis
1257 3580 1293 3635 et
1308 3591 1370 3655 ap·
1413 3624 1489 3693 Fiat

359 3680 569 3765 probationis
595 3681 776 3750 Societatis
805 3683 1001 3751 huiusmodi
1033 3685 1245 3769 aliorumque
1276 3695 1371 3752 certa
1494 3677 1500 3691 '

359 3795 522 3880 premissa
542 3796 653 3882 magis
674 3796 815 3883 exprimi
836 3800 1118 3881 necessariorum,
1137 3800 1244 3866 maior
1259 3813 1294 3866 et
1310 3824 1370 3870 ve-

359 3909 427 3976 rior
447 3902 655 3995 specificatio
676 3922 711 3980 et
731 3912 902 3998 expressio
923 3926 936 3953 ⁰
957 3912 1030 3981 fieri
1051 3916 1158 4003 possit
1178 3916 1214 3982 in
1234 3916 1368 3998 litteris,

358 4046 426 4111 que
442 4048 502 4112 per
517 4028 623 4095 breue
641 4028 679 4095 S.
698 4029 741 4094 V.
765 4039 897 4096 attenta
917 4029 1072 4099 materia.
1092 4034 1133 4097 Et
1154 4033 1246 4117 quod
1269 4054 1371 4119 super

358 4140 572 4210 institutione
587 4153 621 4209 et
642 4144 886 4231 approbatione
900 4144 991 4211 dicte
1007 4144 1189 4214 Societatis
1205 4158 1286 4229 etc,
1305 4150 1370 4215 sub
1420 4172 1422 4177 ’

358 4256 498 4341 plumbo
513 4257 670 4343 expedite
687 4258 838 4341 fuerunt,
857 4259 1074 4346 exprimerer
1090 4262 1236 4348 possint.
1387 4274 1391 4305 ¹

1527 3628 1573 3694 A.

412 4482 425 4510 ι
461 4467 492 4523 in
504 4470 681 4527 contrarium
694 4470 765 4529 fors.
778 4488 911 4529 concess.
925 4490 981 4531 ms.
1021 4476 1070 4519 —b
1088 4476 1418 4534 cumabmeacenmrs.
1457 4494 1506 4523 ..e
1525 4496 1589 4552 pre·

360 4555 424 4611 mis.
439 4574 494 4611 ms.
532 4561 581 4602 -d
600 4568 694 4615 tenor.
708 4578 766 4617 ms.
807 4577 856 4606 -e
874 4563 971 4617 verior
984 4578 1065 4634 spes
1078 4572 1109 4619 et
1122 4580 1207 4637 expo
1220 4582 1291 4635 ms.;
1299 4572 1397 4639 posset
1409 4568 1502 4624 etiam
1515 4569 1589 4643 legi.-

359 4644 457 4701 verior
469 4646 648 4719 specificatio
661 4656 692 4703 et
704 4650 870 4721 explicatio.
908 4652 957 4693 —s
972 4650 1102 4720 fuerunt,
1116 4669 1210 4725 expre
1223 4672 1294 4723 ms.;
1303 4660 1400 4727 posset
1412 4659 1505 4713 etiam
1516 4659 1589 4732 legi,

360 4737 440 4791 utin
454 4738 592 4808 praeced.
606 4740 818 4795 annotatione:
831 4738 961 4811 fuerunt,
975 4742 1132 4814 explicare.
1152 4744 1227 4800 Tam
1244 4746 1279 4801 in
1294 4748 1347 4803 hoc
1364 4747 1436 4813 loco,
1451 4765 1543 4819 quam
1556 4749 1591 4804 in
