3625 5400
631 515 735 572 Barsa.
755 515 857 571 orn-8
875 517 991 574 Manna
1012 517 1080 588 1543

465 793 639 881 JOANNI
661 793 707 859 ΠΙ
729 795 839 862 REGI
864 794 1233 863 PORTUGALLIAE

665 911 753 955 nona
773 900 919 955 8nnan11
940 898 1008 970 1543
1028 900 1049 956 ¹.
1257 965 1258 972 ,

232 999 355 1074 Magno
363 1000 452 1072 grati
463 997 564 1054 anim
576 1013 664 1054 sensu
676 1015 855 1070 summaque
867 997 1045 1055 demissione
1056 1000 1180 1072 gratias
1191 1000 1334 1072 Ignatius
1345 1001 1414 1076 agit
1423 1003 1468 1058 in·

289 1093 395 1161 geistes
406 1088 441 1142 ob
457 1087 568 1142 collata
585 1105 605 1142 a
623 1105 693 1160 rege
714 1087 856 1152 Societati
872 1088 1056 1160 beneficia-
1067 1089 1143 1144 Tum
1162 1088 1287 1162 nuptias
1303 1091 1469 1146 liberorum

291 1194 417 1230 suorum
430 1193 499 1230 cum
512 1173 621 1230 Caroli
639 1175 773 1230 Vtiberis
782 1177 959 1231 constitutas
965 1177 1235 1249 gratulatum—Se
1245 1196 1280 1233 ao
1290 1179 1467 1238 Societatem
1483 1212 1489 1222 ·

294 1266 468 1320 universam
480 1265 550 1336 regi
562 1261 666 1335 offert.
680 1293 708 1304 -
718 1264 824 1318 Missos
840 1282 860 1319 a
872 1282 943 1337 rege
956 1266 1114 1330 lusitanos,
1134 1265 1256 1339 negotia
1273 1267 1360 1322 iltius
1375 1272 1469 1342 regni

292 1354 407 1409 Romae
418 1360 552 1428 agentes,
566 1357 751 1428 magnopere
764 1355 882 1409 laudat.

808 1443 901 1563 this.

306 1613 416 1680 Sotion
430 1621 572 1678 nuestro
586 1634 630 1679 en
647 1611 786 1679 Christo
801 1613 877 1680 lhu.

307 1729 356 1794 La
371 1747 473 1794 suma·
484 1727 600 1813 gracia
616 1749 638 1812 y
653 1719 747 1793 amor
758 1726 892 1794 infinito
904 1729 946 1794 de
959 1727 1107 1808 Christ0,
1123 1738 1262 1796 nuestro
1278 1740 1397 1798 eterno
1408 1751 1465 1798 se·

240 1853 316 1923 tior,
334 1844 453 1910 salodo
468 1867 492 1929 y
507 1843 607 1910 visite
627 1850 647 1910 a
667 1845 710 1911 V.
735 1845 795 1923 A,
821 1843 968 1929 siempre
992 1844 1228 1911 conseruando
1251 1868 1274 1931 y
1297 1867 1466 1932 augmen·

240 1959 342 2025 tando
359 1981 403 2026 en
418 1981 461 2024 su
477 1981 594 2044 mayor
609 1958 767 2038 seruicia,
786 1960 949 2044 alabanca
964 1982 986 2044 y
1002 1959 1121 2046 gloria.

306 2074 475 2162 Muc[hos]
491 2087 504 2113 ¹
520 2076 594 2140 dias
608 2077 676 2140 han
691 2074 854 2160 passarios
870 2095 937 2158 que
953 2085 1027 2142 esto
1043 2075 1163 2141 mismo
1182 2078 1285 2142 hazer
1303 2077 1470 2159 descaua,¹

237 2189 268 2254 si
283 2190 329 2255 mi
346 2211 434 2276 poco
450 2211 525 2257 scer
540 2211 563 2276 y
577 2211 696 2257 menos
711 2190 806 2257 valer
823 2189 891 2277 [no]
904 2211 959 2256 me
970 2201 1155 2258 cstoruara:
1170 2213 1288 2276 agora,
1305 2194 1465 2260 tomando

238 2308 384 2392 algunas
400 2307 535 2389 fucrcas
550 2327 594 2372 en
611 2307 643 2374 el
655 2307 765 2373 Senor
776 2314 931 2388 nuestro,
945 2306 1095 2391 seycndo
1107 2306 1257 2392 movi[do
1268 2307 1343 2394 por]
1356 2309 1383 2374 F
1385 2329 1465 2374 ran-

238 2422 331 2489 cisco
347 2421 481 2488 Botello
496 2422 508 2454 ¹
526 2422 571 2507 (el
586 2422 678 2506 qual,
696 2442 742 2486 no
757 2421 830 2486 solo
851 2443 894 2488 en
916 2421 966 2486 las
987 2441 1084 2487 cosas
1108 2441 1274 2506 mayorcs,
1301 2443 1374 2488 mas
1396 2413 1465 2490 ann

241 2560 284 2604 en
301 2537 352 2603 las
368 2557 536 2614 meamea,
555 2541 621 2602 assi
638 2557 681 2603 en
698 2557 740 2602 su
755 2519 974 2601 entennedad
990 2557 1088 2602 como
1104 2558 1147 2603 en
1163 2537 1261 2603 salud
1282 2537 1462 2622 corporat),

238 2652 389 2737 seycndo
406 2661 502 2719 tanto
516 2652 661 2720 deseoso
676 2673 699 2735 y
714 2649 847 2717 solicito
863 2672 907 2717 en
924 2651 956 2719 cl
968 2650 1063 2736 justo
1078 2673 1101 2737 y
1116 2650 1240 2719 debido
1256 2651 1402 2720 seruicio
1422 2653 1464 2719 de

238 2770 282 2834 V.
302 2770 363 2845 A„
382 2768 425 2833 ha
442 2767 578 2833 tomado
595 2767 721 2852 alguna
739 2766 876 2837 oeasion
888 2788 971 2851 para
986 2766 1128 2833 escribir
1143 2778 1227 2848 esta3
1241 2790 1264 2854 y
1279 2767 1466 2837 escribien-

238 2886 294 2963 do,
313 2905 359 2949 no
374 2883 489 2968 puedo
505 2903 573 2967 que
589 2903 634 2947 no
650 2904 705 2947 me
721 2903 808 2966 goze
823 2902 867 2947 en
884 2882 915 2947 el
932 2884 1041 2950 Sefror
1057 2893 1208 2962 nuestro,
1227 2882 1393 2951 haziendo
1410 2883 1463 2950 in·

236 2998 389 3091 finitas-y
404 2996 594 3064 incesables
610 2996 743 3081 gracias
758 3002 779 3062 a
795 2998 827 3063 la
843 3017 884 3061 su
900 2994 1017 3062 diuina
1033 3018 1054 3081 y
1072 3010 1188 3063 eterna
1205 2998 1353 3082 bondad,
1378 3018 1463 3063 con-

237 3113 418 3180 siderando
438 3117 566 3196 quanto
587 3133 651 3197 por
672 3123 841 3192 nosotros,
863 3111 1024 3197 indignos
1046 3113 1089 3180 de
1105 3135 1160 3180 ser
1175 3114 1380 3192 nonbrad03,
1399 3115 1461 3179 ha-

237 3228 359 3297 ziendo
379 3251 402 3314 y
421 3227 562 3294 contina
583 3226 845 3307 manifestanda,
869 3229 953 3295 haze
974 3248 1035 3313 por
1054 3227 1086 3293 la
1107 3249 1147 3293 su
1167 3226 1300 3295 infinita
1320 3251 1342 3313 y
1363 3248 1460 3295 suma

237 3345 384 3424 bondad,
403 3344 575 3429 eligicndo
591 3349 611 3409 a
626 3345 670 3409 V.
691 3344 735 3411 Α.
754 3365 816 3427 por
837 3365 876 3408 su
897 3344 1060 3409 senalado
1085 3342 1136 3429 by
1157 3344 1213 3410 fiel
1233 3343 1460 3412 instrumento

236 3459 366 3544 paracl
383 3460 429 3524 tal
445 3460 571 3526 efecto,
592 3458 661 3524 Por
676 3480 743 3522 vna
759 3469 867 3542 parte,
887 3458 915 3523 si
934 3459 1041 3525 Paulo
1058 3459 1217 3544 plantaua
1233 3481 1256 3543 y
1272 3459 1384 3543 Apolo
1405 3480 1459 3525 re·

285 3643 299 3669 ²
319 3628 407 3696 Quae
423 3628 504 3682 inter
521 3628 613 3699 signa
629 3627 646 3697 l
675 3627 693 3695 J
712 3628 745 3680 in
760 3628 817 3681 hoc
832 3626 959 3697 epistota
979 3626 1178 3689 clauduntur,
1193 3627 1408 3682 desiderantur
1425 3628 1460 3681 in

231 3732 287 3771 ms.
300 3734 334 3771 eo
346 3718 426 3787 quod
437 3733 559 3771 corrosa
570 3718 611 3771 sit
623 3717 741 3782 charta;
755 3716 812 3771 itta
824 3732 859 3770 ex
871 3716 1041 3786 exemplari
1058 3716 1167 3771 codicis
1180 3716 1283 3770 Paris.
1297 3716 1460 3786 desumpsi-

231 3822 310 3869 mus,
326 3806 386 3859 uisi
398 3808 588 3860 contrarium
602 3804 769 3875 aliquando
783 3808 913 3858 notetur.
953 3806 1002 3847 —b
1021 3822 1055 3859 su
1066 3804 1195 3860 seialado
1208 3822 1262 3859 ms.

287 3939 295 3970 ¹
334 3940 378 3992 Ex
391 3936 455 3993 cod.
471 3938 605 4011 Ulyssip.
619 3937 708 4008 1,f01.
724 3949 766 4010 53,
782 3944 897 4006 autogr.
912 3951 928 3991 a
942 3936 985 4007 ff,
1002 3938 1095 3992 altero
1108 3954 1189 4009 puro.
1209 3935 1243 3993 In
1261 3939 1324 3992 cod.
1343 3939 1459 4003 Paris„

233 4046 264 4082 n.
280 4040 342 4099 109,
356 4027 407 4082 iol.
424 4039 504 4097 nav,
520 4035 617 4082 exstat
627 4028 836 4099 apographum,
849 4040 887 4080 ex
897 4028 1089 4098 autographo,
1101 4026 1266 4093 dum-Goae
1277 4028 1459 4095 servabatur,

233 4117 438 4189 depromptum
451 4124 482 4170 et
494 4118 616 4171 Romam
631 4116 762 4187 missum,
777 4114 856 4187 quod
865 4124 948 4187 patet
962 4133 999 4170 ex
1009 4116 1178 4170 testimonio
1188 4114 1222 4169 P.
1236 4114 1357 4171 Antonii
1368 4116 1461 4172 Guar-

233 4223 329 4276 reyro,
343 4205 416 4261 socii
429 4205 462 4260 Ρ.
477 4205 663 4276 provincialis
676 4203 844 4275 provinciae
857 4220 980 4275 goanae,
994 4203 1085 4275 ipsius
1100 4204 1195 4259 Patris
1210 4204 1379 4277 Guerreyro
1393 4207 1460 4261 sub-

232 4295 403 4367 scriptione,
417 4303 448 4349 et
465 4294 563 4365 sigillo
580 4294 659 4349 illius
677 4294 860 4366 provinciae,
883 4292 1004 4363 munito,
1026 4292 1103 4364 quod
1122 4292 1240 4365 quidem
1260 4294 1460 4350 testimonium

231 4386 289 4439 sub
300 4383 393 4438 finem
401 4383 489 4453 hujus
502 4371 645 4455 epistolae
658 4382 811 4455 reperitur.
830 4379 901 4436 Cod.
924 4380 1034 4444 Viuit,
1049 4399 1077 4435 n.
1093 4378 1156 4452 347,
1167 4380 1294 4437 italicam
1307 4382 1386 4437 illius
1397 4400 1461 4437 ver-

232 4473 343 4528 sionem
357 4470 663 4533 continete-Cantas,
674 4489 704 4526 n.
718 4471 781 4523 XL.

284 4562 297 4592 ¹
334 4564 426 4617 Actor
437 4560 630 4631 negotiorum,
646 4578 664 4615 a
675 4560 789 4631 Joannc
803 4556 843 4613 ΙΙΙ
862 4558 983 4613 Romam
1002 4557 1119 4627 missus,
1139 4566 1171 4614 ut
1188 4576 1263 4631 quac
1282 4559 1319 4614 ad
1339 4559 1457 4632 inquisi-

224 4650 341 4705 tionem
355 4650 386 4705 in
396 4650 575 4720 Portugallia
588 4648 794 4704 stabiliendam
808 4656 839 4703 et
849 4647 886 4701 ad
898 4664 1016 4701 causam
1031 4646 1181 4703 Michailis
1199 4646 1236 4703 de
1255 4647 1347 4716 Silva,
1365 4647 1459 4703 cardi-

229 4740 307 4795 nalis
319 4748 350 4795 et
363 4738 494 4811 episcopi
507 4738 645 4806 visensis,
659 4739 843 4809 spectabant,
856 4735 1015 4807 diligenter
1027 4744 1153 4791 curaret.
