3625 5400
421 438 476 511 730
729 468 732 475 ·
802 441 1010 498 Mortuerum
1028 442 1209 499 lanariam

385 594 428 659 ne
449 595 559 661 anche
578 592 762 659 elemosina
783 614 843 679 per
868 604 973 661 conto
991 592 1071 661 delli
1089 593 1148 661 tali
1167 593 1352 677 esaeroitii,
1375 604 1639 680 quantunque,

353 720 356 727 '
385 708 531 777 essendo
547 707 753 789 necessario,
772 708 801 775 si
821 708 953 775 aiutino
974 709 1009 775 di
1028 709 1215 778 elemosine
1231 732 1292 797 per
1312 710 1345 776 la
1364 708 1640 778 sustentatione

386 846 461 907 sua,
484 845 628 895 manon
656 824 714 911 gia
740 825 958 926 demandate,
981 826 1024 892 ne
1052 828 1163 892 anche
1190 837 1358 893 accettate
1384 845 1446 912 per
1466 836 1586 892 conto
1603 825 1643 889 di

386 940 499 1026 quello
515 942 580 1008 che
595 941 642 1022 sa,
660 942 875 1026 procurando
891 938 1056 1009 edificarli
1072 961 1139 1008 con
1155 941 1178 1007 l’
1200 940 1370 1027 essempio
1386 942 1421 1007 di
1437 941 1584 1008 charita
1602 951 1643 1008 et

388 1054 463 1124 zelo
477 1056 513 1122 di
528 1058 581 1122 lor
601 1058 712 1125 salute
727 1068 795 1123 etc.

456 1174 499 1239 Et
515 1183 741 1259 quantunque
752 1174 843 1239 doue
859 1196 921 1259 per
936 1174 968 1241 la
984 1173 1094 1260 gloria
1109 1173 1145 1241 di
1160 1152 1228 1241 D'io
1243 1186 1278 1242 et
1294 1176 1361 1242 ben
1374 1191 1566 1241 commune
1580 1172 1643 1237 bi·

389 1288 548 1375 sognassi
560 1288 712 1357 mettersi
724 1288 760 1355 in
773 1288 914 1375 pericoli
925 1290 1015 1357 della
1027 1289 1098 1357 vita
1110 1302 1139 1373 ⁰5
1150 1310 1255 1357 sanza
1266 1289 1423 1358 temerita
1434 1290 1477 1357 ne
1490 1298 1645 1357 tentare

390 1404 499 1483 Iddi0,
509 1426 577 1470 non
590 1402 613 1469 li
625 1403 749 1471 debbia
763 1404 913 1491 suggire3
925 1425 1002 1490 pur,
1015 1407 1273 1492 generalmente
1286 1406 1460 1492 perlando,
1474 1402 1641 1491 proceda

389 1540 456 1587 con
471 1522 505 1586 la
519 1520 681 1588 desterita
698 1522 764 1587 che
780 1520 878 1606 potra
893 1531 929 1586 et
944 1520 1145 1607 prudentia,
1165 1544 1225 1608 per
1241 1543 1312 1588 non
1331 1542 1424 1587 esser
1440 1515 1530 1607 presi
1547 1517 1642 1585 dalli

393 1634 538 1703 ministri
550 1637 640 1706 della
651 1634 784 1723 regina:
800 1646 835 1705 et
847 1658 914 1703 con
926 1636 1031 1723 quelli
1043 1637 1175 1725 signori
1187 1635 1349 1705 catholici
1363 1637 1391 1703 si
1404 1640 1501 1723 potra
1512 1633 1641 1702 eonsi-

393 1751 515 1838 gliare,
529 1764 565 1820 et
583 1753 688 1821 ueder
704 1751 815 1821 insino
832 1776 852 1821 a
868 1754 949 1840 qual
962 1755 1105 1821 termine
1120 1754 1150 1821 si
1166 1774 1268 1841 possa
1283 1755 1463 1821 estendere
1475 1753 1532 1819 nel
1543 1772 1638 1818 con-

398 1888 534 1937 uersare
550 1868 586 1934 iu
602 1868 705 1953 quelli
719 1868 825 1955 paesi,
843 1870 910 1937 che
926 1892 1011 1937 sono
1027 1870 1209 1956 gouernati
1224 1869 1268 1937 da
1283 1869 1407 1957 inglesi
1424 1866 1586 1936 heretici.

573 2068 610 2115 m
635 2066 732 2129 QUAL
755 2068 847 2116 cosa
870 2069 1040 2116 nanneno
1065 2053 1147 2117 nan'
1173 2068 1283 2117 aurso
1307 2070 1330 2117 a
1354 2068 1453 2115 noua

463 2216 590 2285 Prima.
609 2216 756 2285 Auisard
773 2219 1033 2304 generalmente
1048 2219 1104 2285 del
1120 2229 1209 2286 stato
1225 2220 1292 2285 che
1308 2229 1478 2283 truouano
1498 2224 1642 2299 quanto

397 2333 463 2400 alla
484 2332 627 2419 religion
649 2332 815 2403 catholica
837 2344 873 2403 et
892 2334 1087 2401 obedientia
1109 2356 1209 2403 uerso
1227 2336 1261 2400 la
1280 2333 1362 2401 sede
1382 2330 1583 2418 apostolica,
1602 2328 1636 2395 si

398 2446 478 2514 nelli
493 2448 569 2534 capi
584 2447 805 2516 ecclesiastici
820 2460 855 2515 et
871 2450 1018 2517 seculari
1034 2462 1069 2519 et
1085 2450 1188 2519 etiam
1208 2449 1289 2515 nelli
1309 2446 1435 2535 papali,
1458 2457 1493 2514 et
1514 2444 1638 2529 quello

397 2564 506 2633 chesi
527 2566 750 2651 guadagnara
770 2582 792 2631 o
813 2566 955 2652 perdere
973 2568 1039 2632 alla
1060 2566 1218 2652 giornata
1237 2566 1272 2632 in
1288 2574 1411 2649 questa
1431 2572 1528 2649 parte
1548 2560 1576 2626 dt
1598 2568 1636 2626 et

398 2682 453 2748 del
471 2682 573 2747 modo
589 2680 633 2750 de
648 2680 799 2751 scriuer'e
815 2692 937 2768 queste
954 2704 1034 2751 cose
1050 2684 1079 2750 si
1095 2682 1168 2749 dira
1183 2683 1219 2747 d'
1237 2693 1368 2767 aparte.

469 2799 515 2868 Se
531 2797 645 2863 alcuni
668 2797 800 2886 prelati,
823 2802 890 2869 che
910 2800 944 2864 di
964 2799 997 2867 la
1014 2819 1082 2866 non
1103 2819 1250 2885 possono
1270 2817 1364 2866 esser
1385 2793 1576 2873 constretti,
1595 2815 1636 2860 se

402 2914 535 2981 uedessi
548 2915 742 3000 procedano
758 2926 816 2982 tan
833 2917 934 2998 male,
952 2919 1016 2982 che
1028 2937 1097 2982 non
1109 2914 1198 2982 basti
1210 2915 1296 2980 altro
1308 2912 1452 2981 timedio
1464 2914 1529 2977 che
1542 2909 1636 2975 della

402 3032 483 3099 sede
499 3029 686 3116 apostolica
702 3051 763 3117 per
789 3031 954 3099 emender
968 3031 1042 3098 loro
1064 3030 1210 3096 costumi
1238 3027 1439 3107 scandalon,
1463 3027 1585 3093 seben
1602 3023 1636 3088 la

403 3147 480 3214 fede
495 3144 545 3212 sia
561 3146 742 3226 catholica,
758 3147 890 3214 auisard
908 3147 1104 3214 fidelmente
1120 3158 1156 3214 et
1178 3145 1443 3212 sehiettamente
1463 3140 1497 3206 di
1519 3137 1638 3224 quello

404 3264 469 3330 che
485 3261 665 3330 conuiene.

472 3376 686 3444 Similmente
705 3378 741 3442 di
763 3377 877 3444 alcuni
898 3377 1029 3464 signori
1047 3375 1225 3462 temporali
1247 3373 1434 3461 principali,
1464 3373 1530 3437 che
1545 3369 1637 3438 nella

408 3491 574 3579 religione
594 3492 623 3558 si
645 3492 838 3579 portassino
858 3494 960 3574 male,
982 3513 1052 3558 non
1071 3492 1240 3558 bastando
1261 3512 1321 3576 per
1335 3491 1409 3556 loro
1429 3485 1639 3554 eorrettione

406 3608 430 3672 ll
447 3609 555 3676 mezzi
571 3611 635 3682 che
651 3608 685 3674 di
700 3609 733 3675 la
750 3608 779 3675 si
796 3607 962 3675 usassin0.

476 3725 592 3791 Mandi
610 3746 677 3791 una
693 3737 774 3793 nota
790 3726 879 3792 delle
895 3745 1042 3811 persone
1057 3726 1123 3790 che
1139 3726 1300 3809 reputata
1316 3733 1386 3789 atte
1402 3737 1462 3807 per
1474 3718 1497 3784 li
1515 3738 1637 3786 vesco·

408 3839 491 3924 uati,
510 3852 545 3907 et
561 3841 808 3926 specialmente
824 3843 963 3926 quando
980 3833 1106 3907 riacani
1128 3840 1263 3925 qualch'
1289 3859 1370 3918 una,
1394 3837 1430 3902 in
1445 3834 1555 3921 spetie
1576 3853 1640 3920 po·

408 3955 459 4021 trai
473 3959 607 4024 auis-are
622 3957 678 4023 chi
694 3957 717 4022 li
734 3958 853 4043 parera
869 3967 944 4024 atto
961 3978 1022 4042 per
1037 3957 1164 4044 quello,
1183 3954 1350 4021 toccando
1364 3953 1398 4021 le
1419 3949 1553 4037 regioni
1575 3951 1640 4015 che

409 4071 442 4137 lo
455 4091 616 4138 mouon0.

478 4188 627 4272 Quando
637 4189 756 4256 alcuni
774 4211 937 4276 uengono
953 4212 973 4256 a
994 4191 1101 4256 Roma
1124 4211 1145 4255 a
1166 4187 1354 4254 domandar
1373 4181 1630 4260 vesanumque

411 4302 524 4371 neficii
542 4304 723 4392 maggiori‚
742 4308 762 4372 ὁ
779 4303 867 4373 bene
883 4309 948 4372 che
964 4305 1053 4372 auisi
1068 4324 1107 4373 se
1126 4303 1150 4369 li
1166 4310 1263 4370 sente
1284 4302 1358 4381 atti,
1380 4297 1596 4366 considerata
1611 4295 1644 4360 la

466 4597 478 4627 ⁰
516 4583 678 4654 Sequentia
692 4597 712 4654 5
729 4583 819 4640 verba
832 4598 930 4639 mana
943 4583 984 4638 P.
1007 4583 1137 4638 Polanei
1153 4583 1188 4637 in
1205 4580 1348 4653 margine
1364 4577 1474 4634 addita
1490 4579 1572 4630 mni.
1610 4598 1645 4616 -

411 4675 426 4718 d
447 4673 535 4743 Quae
549 4678 719 4744 sequuntur
730 4691 822 4746 usque
835 4675 877 4728 ad
883 4672 981 4747 finem
992 4673 1115 4746 periodi
1127 4671 1249 4726 addidit
1261 4669 1300 4726 P.
1315 4669 1481 4724 Polaneus.
