3625 5400
548 478 651 535 Emsr.
671 474 1013 535 23o.-22N0vma1s
1033 490 1103 549 1547
1350 479 1407 551 649

212 653 278 699 nae
290 631 404 699 curiae
415 631 660 716 redderet,quo
675 630 893 713 adueniente,
903 630 1117 700 occasionem
1130 632 1276 700 haberet
1289 633 1328 698 P.
1337 633 1442 718 lgna-

212 746 282 814 tius
301 770 344 816 ex
364 745 533 817 ecclesiae
552 745 722 813 thesauris
743 756 876 815 tantum
893 747 991 814 vobis
1010 746 1165 828 curandi,
1187 757 1226 834 vt
1247 768 1316 814 non
1332 748 1441 815 solum

212 861 396 949 collegium
412 863 467 930 vel
482 861 606 929 ciuitas
624 872 750 942 vestra,
768 863 879 929 sedet
898 883 1025 950 magna
1043 884 1123 949 pars
1144 861 1260 931 Indiae
1280 862 1441 949 spiritua·

212 976 302 1043 libus
317 976 446 1044 diuitiis
461 978 505 1044 ad
521 976 707 1045 conditoris
722 977 829 1045 nostri
849 986 885 1047 et
906 976 1110 1063 reparatoris
1130 976 1286 1064 gloriam,
1309 988 1343 1046 et
1364 977 1439 1044 ani-

118 1184 121 1191 ⁴
213 1114 343 1160 marum
359 1093 580 1178 plurimarum
596 1092 759 1159 auxilium
774 1103 889 1180 posset
905 1093 1092 1162 abundare.
1105 1090 1274 1180 Imprimis
1290 1114 1375 1179 ergo
1385 1091 1438 1157 vi-

214 1229 289 1274 rum
305 1208 451 1293 aliquem
473 1207 670 1295 eligendum
691 1207 789 1275 vobis
809 1219 928 1277 censet
947 1209 1073 1275 adhoc
1093 1206 1244 1275 muneris
1264 1206 1437 1285 idoneum,

215 1322 274 1407 qui
289 1334 324 1390 et
339 1324 486 1393 retinere
501 1334 536 1390 et
557 1346 728 1410 exponere
749 1345 836 1410 quae
857 1323 1030 1411 oportebit
1050 1324 1145 1393 sciat.
1169 1324 1302 1392 Deinde
1322 1334 1440 1391 curate

215 1449 265 1521 vt,
278 1440 321 1507 de
334 1441 436 1507 rebus
448 1438 571 1507 vestris
586 1439 786 1519 instructus,
800 1438 968 1526 scriptum
983 1438 1085 1507 etiam
1098 1438 1238 1526 copiose
1248 1439 1292 1506 ad
1303 1460 1366 1506 nos
1378 1440 1441 1507 de·

218 1554 304 1622 ferat
320 1554 481 1641 quicquid
496 1554 584 1623 scire
599 1555 751 1641 precium
766 1577 870 1641 opere
885 1554 942 1636 sit,
965 1566 1003 1648 ut
1023 1556 1148 1622 vestris
1166 1565 1202 1621 et
1223 1554 1318 1622 Indie
1339 1555 1442 1623 rebus
1550 1538 1553 1543 ’

217 1670 427 1751 consulatur,
445 1682 527 1756 puta
543 1670 587 1739 de
602 1669 690 1738 aeris
707 1670 882 1757 temperie,
899 1670 1006 1751 victu,
1020 1670 1173 1737 moribus
1184 1680 1220 1739 et
1231 1668 1379 1757 ingeniis
1389 1670 1442 1736 lo-

217 1804 335 1858 corum
352 1806 393 1852 ac
412 1784 600 1868 hominum,
624 1796 696 1852 tum
717 1787 760 1853 de
779 1784 845 1866 his,
868 1807 957 1871 quae
977 1786 1075 1852 vobis
1096 1784 1287 1854 necessaria
1307 1784 1349 1852 ad
1375 1784 1442 1852 Dei

217 1900 348 1968 cultum
364 1911 399 1969 et
420 1900 607 1969 animarum
628 1901 790 1969 auxilium
812 1902 889 1969 istic
909 1901 1107 1972 viderentur
1126 1912 1162 1968 et
1182 1912 1254 1967 tota
1274 1900 1310 1967 in
1330 1899 1437 1967 India:

218 2036 307 2100 quae
321 2016 435 2083 omnia
450 2016 631 2104 diligenter
652 2016 778 2103 scripta
797 2029 833 2085 et
852 2017 1007 2085 ordinate
1026 2016 1177 2097 veniant,
1202 2026 1237 2085 et
1257 2037 1335 2083 cum
1350 2024 1439 2084 atte-

217 2130 363 2201 statione
378 2133 648 2219 reverendissimi
664 2134 768 2222 patris
784 2134 934 2221 episcopi
950 2134 976 2215 ⁴,
993 2134 1047 2201 vel
1064 2132 1182 2201 vicarii
1196 2133 1283 2213 eius,
1302 2142 1337 2199 et
1351 2130 1439 2200 alio-

218 2267 306 2330 rum,
324 2248 382 2332 qui
398 2248 557 2335 precipua
572 2248 675 2315 isthic
691 2249 897 2319 auctoritate
914 2249 1052 2317 fuerint.
1355 2245 1359 2253 ’

286 2366 446 2431 Preterea
460 2366 631 2432 curandae
646 2376 727 2431 sunt
743 2364 840 2433 vobis
856 2364 989 2433 litterae
1004 2364 1047 2430 ab
1062 2365 1182 2432 eodem
1197 2361 1440 2432 reverendissi-

217 2498 274 2543 mo
286 2488 380 2563 patre
393 2477 555 2566 episcopo
570 2492 606 2547 et
621 2480 695 2548 aliis
706 2480 872 2567 primariis
884 2479 977 2561 viriS,
991 2490 1027 2547 et
1038 2479 1125 2547 aliae
1136 2476 1151 2519 b
1163 2488 1278 2547 vestro
1290 2476 1393 2545 etiam
1403 2488 1439 2545 et

215 2593 353 2681 collegii
361 2593 497 2664 nomine
508 2594 667 2682 scriptae,
676 2597 720 2662 ad
732 2593 1078 2664 sanctitatemsummi
1085 2593 1255 2681 pontificis
1269 2592 1366 2660 Pauli
1380 2590 1437 2677 35,

215 2708 342 2794 quibus
358 2710 481 2830 petatis
497 2710 671 2780 humiliter
686 2723 721 2780 et
737 2712 902 2780 instanter
916 2733 1035 2820 omnes
1049 2731 1108 2776 eas
1123 2708 1263 2796 gratias,
1277 2730 1366 2793 quae
1376 2729 1438 2775 vo·

217 2825 271 2892 bis
286 2836 477 2912 opportune
494 2827 712 2908 videbuntur,
730 2836 766 2894 et
780 2827 869 2896 inter
880 2837 1016 2896 caetera
1028 2825 1224 2893 facultatem
1237 2824 1438 2892 absoluendi

216 2939 252 3006 in
269 2941 404 3009 casibus
420 2940 602 3011 reseruatis
618 2940 653 3008 in
668 2943 760 3008 bulla
776 2963 882 3009 coene
896 2941 1035 3009 Domini
1049 2951 1131 3021 etc,
1149 2940 1217 3007 imo
1229 2951 1265 3008 et
1281 2938 1441 3025 reliquias

217 3067 425 3138 sanctorum,
443 3067 478 3124 et
494 3057 571 3141 alia,
589 3057 619 3124 si
634 3079 722 3143 quae
733 3067 827 3137 sunt,
839 3078 929 3142 guae
940 3055 1043 3123 isthic
1055 3058 1172 3124 fouere
1187 3053 1387 3142 religionem
1399 3074 1440 3121 ac

217 3171 378 3257 pietatem
394 3171 563 3260 xpianam.
583 3172 726 3258 possint,
745 3183 780 3239 et
800 3171 945 3258 collegio
960 3170 1159 3256 ciuitatique
1181 3179 1315 3236 vestrae
1334 3180 1369 3236 et
1384 3188 1439 3235 re·

216 3287 378 3373 gionibus
393 3287 467 3355 istis
482 3288 641 3374 expedire
652 3287 861 3373 judicabitis.

284 3405 405 3470 Preter
434 3403 537 3470 hasce
566 3414 680 3470 autem
708 3402 837 3470 litteras
864 3401 908 3470 ad
930 3421 1099 3468 summum
1127 3398 1335 3486 pontificem,
1357 3397 1441 3466 alias

215 3515 333 3588 itidem
350 3519 392 3586 ad
409 3519 524 3585 Rmos.
542 3517 743 3600 cardinales,
761 3537 905 3602 quorum
921 3515 1060 3582 nomina
1078 3516 1122 3582 ad
1140 3535 1203 3581 vos
1223 3511 1333 3594 mitto,
1355 3510 1441 3580 scri-

209 3631 345 3701 bendas
371 3631 546 3715 curabitis3
564 3645 599 3702 et
626 3643 739 3719 preter
766 3635 829 3699 hos
856 3633 899 3699 ad
920 3634 961 3699 R.
986 3633 1171 3718 Mapheum
1195 3631 1220 3710 ³,
1242 3628 1439 3715 episcopum

217 3769 436 3829 massensem,
455 3749 489 3816 id
515 3750 559 3815 ab
586 3749 636 3816 eis
663 3747 762 3818 enixe
783 3749 932 3835 petendo
952 3769 1014 3834 per
1033 3756 1164 3813 vestras
1190 3745 1321 3812 litteras
1341 3747 1439 3830 (quae

217 3863 369 3948 ejusdem
382 3864 539 3952 exempli,
550 3874 682 3930 tantum
694 3863 833 3931 mutatis
845 3862 1052 3943 nominibus,
1067 3881 1146 3930 esse
1156 3861 1323 3948 possunt),
1338 3869 1375 3926 vt
1387 3858 1440 3924 fa-

270 4117 285 4158 b
303 4113 387 4170 Haec
398 4117 460 4170 duo
470 4115 561 4171 verba
577 4132 673 4170 manu
688 4115 724 4170 Ρ.
740 4113 867 4169 Polanci
884 4113 992 4169 addita
1009 4117 1093 4180 sunt·
1108 4111 1323 4196 desiderantur
1339 4112 1441 4164 autam

217 4203 250 4256 in
263 4204 461 4259 adversariis.

270 4430 283 4461 ⁸
318 4427 439 4483 Goanus
453 4426 609 4499 episcopus
623 4435 692 4482 tunc
705 4433 767 4481 erat
780 4427 911 4496 Joannes
925 4425 1146 4501 Albuquerque,
1159 4421 1197 4482 Ο.
1212 4422 1244 4478 S.
1258 4424 1318 4490 Fr.,
1332 4421 1443 4494 dequo

218 4514 325 4585 passim
339 4515 416 4587 apud
426 4515 623 4571 Monumenta
636 4515 826 4579 Xaveriono,
840 4522 861 4568 t.
880 4514 899 4586 l3
914 4512 1042 4568 vicarius
1053 4528 1125 4567 vero
1136 4511 1284 4582 generalis
1298 4510 1328 4566 in
1346 4508 1444 4577 India,

217 4604 340 4660 Michail
351 4605 424 4676 Vaz,
437 4604 521 4675 cujus
534 4604 644 4659 mentio
657 4603 687 4659 in
699 4603 824 4676 epistola
837 4600 999 4674 superiore,
1012 4610 1112 4658 annot.
1127 4599 1155 4668 3,
1168 4599 1246 4656 iacta
1258 4609 1315 4656 est.

270 4696 282 4729 ³
318 4693 529 4750 Bemardinum
542 4693 703 4765 Malfejum.
