3625 5400
413 490 466 562 ³78
789 494 998 551 Memmi
1015 491 1196 549 lonium

391 649 395 656 '
446 646 500 713 De
513 655 608 712 otras
622 648 764 712 muchas
779 667 878 712 cosas
897 650 975 712 avia
992 643 1074 713 bien
1096 664 1164 729 que
1184 641 1283 725 dizir3
1304 663 1381 709 mas
1399 643 1507 708 acabo
1525 647 1610 727 aqui

380 782 443 846 por
456 781 503 827 no
518 783 574 829 ser
586 771 642 826 tan
655 761 796 848 prolixo,
811 781 950 847 empero
962 782 1007 826 no
1022 760 1066 827 de
1082 758 1179 846 pedit
1194 765 1215 825 a
1230 781 1272 826 su
1283 758 1403 825 diuina
1414 759 1605 845 magestad,

381 897 444 962 por
459 897 501 942 su
516 873 648 942 infinita
663 875 894 943 misericordia
910 897 974 943 nos
993 855 1133 960 quera·e
1154 875 1216 941 dar
1234 896 1276 940 su
1296 872 1412 960 gracia
1435 872 1607 958 cumplida

382 1011 545 1076 peraque
560 1013 601 1057 su
617 991 812 1079 sanctisima
822 990 989 1058 voluntad
1005 989 1182 1070 sintamos,
1195 1011 1219 1076 y
1230 988 1365 1074 aquella
1376 999 1611 1057 enteramente

382 1107 605 1193 cumplamos.

449 1223 501 1290 En
516 1242 577 1289 sus
592 1223 768 1290 oraciones
784 1227 911 1290 mucho
926 1224 1026 1289 todos
1042 1213 1105 1289 no's
1120 1221 1417 1289 encomendamos.

448 1341 502 1409 De
517 1342 626 1407 Roma
646 1357 684 1406 12
700 1338 766 1408 fde
783 1339 882 1407 Abril
897 1339 942 1406 de
961 1339 1057 1422 1546.

448 1457 497 1526 Su
513 1454 654 1521 minimo
670 1477 693 1540 y
707 1455 852 1542 indigno
867 1457 1044 1536 hermano,

990 1572 1243 1637 Bsnronnnsu
1266 1569 1428 1635 Fannon.

448 1685 643 1771 Inscriptio.
663 1685 771 1771 Copia
787 1686 830 1753 de
846 1688 950 1752 huma
966 1705 1033 1770 que
1053 1706 1074 1751 o
1098 1685 1138 1749 P.
1166 1684 1386 1752 Bertolomeu
1406 1685 1532 1752 Ferrao
1551 1703 1607 1750 es-

382 1821 508 1870 creueo
523 1820 566 1866 ao
581 1801 620 1867 P.
640 1803 688 1870 M.
708 1799 835 1880 Simia
854 1799 1043 1887 prouincial
1058 1801 1103 1868 de
1124 1799 1302 1885 Portugal,
1325 1800 1369 1866 de
1392 1801 1500 1866 Roma
1521 1822 1541 1867 a
1567 1817 1608 1866 12

382 1916 427 1982 de
443 1914 542 1982 Abril
558 1916 602 1984 de
622 1917 719 2000 1546.

965 2061 1029 2142 120
1059 2071 1061 2076 ’

617 2191 870 2260 MARCELLO
894 2192 1101 2260 CERVINO
1125 2193 1381 2259 CARDINALI

797 2328 886 2373 noun
902 2329 934 2386 17
947 2328 1069 2373 nonnis
1083 2316 1153 2386 1546
1167 2316 1187 2372 ¹.

380 2432 642 2504 Patresjacobum
655 2433 801 2488 Lainium
817 2438 846 2488 et
868 2433 1056 2506 Alphonsum
1078 2433 1298 2498 Salmaronem,
1325 2432 1506 2488 Tridentum
1516 2431 1610 2503 jussu

427 2521 582 2594 pontificis
603 2521 732 2577 maximi
748 2521 983 2596 proficiscentes,
999 2522 1144 2596 Ignaiius
1162 2521 1318 2577 cardinali
1332 2519 1462 2576 Corvino
1478 2522 1609 2576 studiose

432 2611 632 2669 commendat.

447 2728 547 2793 Rmo.
567 2730 679 2795 Mons.
697 2727 766 2793 mio
782 2750 802 2795 e
817 2729 922 2814 padre
937 2728 974 2794 in
989 2730 1068 2815 Xpo
1083 2728 1397 2795 osservandissimo.

446 2835 495 2901 La
510 2854 644 2921 samma
658 2832 769 2921 gratia
783 2845 818 2903 et
835 2857 950 2902 amore
966 2835 1010 2905 de
1027 2837 1116 2922 Xpo.
1136 2838 1181 2903 N.
1205 2838 1242 2905 S.
1265 2857 1285 2902 a
1302 2835 1345 2901 V.
1371 2836 1410 2904 S.
1430 2836 1528 2902 Rma.
1551 2854 1609 2899 sa-

382 2950 455 3017 lute
471 2961 505 3018 et
520 2948 631 3017 visite.

450 3068 552 3134 Mtro.
575 3064 741 3133 Giacomo
757 3066 884 3135 Lainez
900 3078 935 3136 et
958 3068 1257 3154 Mtro.·Alphonso
1277 3067 1468 3145 Salmeron‚
1486 3064 1545 3151 piri
1564 3066 1608 3132 de

381 3192 503 3267 questa
523 3182 729 3268 compagnia
750 3183 794 3249 de
814 3183 857 3249 V.
882 3174 920 3252 S.
944 3185 1042 3250 Rma.
1067 3186 1132 3251 che
1158 3193 1289 3265 nostra,
1313 3202 1375 3267 per
1394 3179 1609 3248 ordinatione

380 3296 470 3363 delia
484 3296 609 3363 santita
624 3300 668 3364 de
683 3308 799 3364 nostro
815 3297 935 3385 signor
949 3320 1065 3365 uanno
1079 3320 1140 3384 per
1155 3301 1298 3378 Trento,
1316 3297 1406 3363 douc
1422 3296 1451 3363 si
1473 3295 1608 3364 celebra

382 3411 405 3477 il
421 3432 520 3478 sacro
535 3410 693 3494 concilio,
712 3412 770 3498 pib
786 3434 847 3499 per
867 3414 1072 3494 obedientia,
1095 3416 1161 3481 che
1183 3414 1355 3481 credendo
1375 3433 1490 3481 essere
1512 3412 1608 3478 suffi-

384 3526 488 3594 cienti
508 3550 570 3613 per
589 3550 659 3593 una
680 3527 820 3598 minima
835 3528 910 3614 jota
932 3538 1071 3595 tocante
1087 3550 1113 3595 *a
1135 3540 1193 3597 tan
1210 3512 1344 3596 santae
1363 3526 1510 3597 sublime
1524 3548 1608 3593 con-

384 3643 597 3730 gregatione.
621 3644 664 3709 Et
685 3644 808 3729 perchi
823 3644 897 3711 loro
919 3666 1033 3711 uanno
1055 3644 1126 3712 asai
1142 3644 1313 3725 instructi,
1336 3666 1356 3710 a
1377 3646 1421 3710 V.
1445 3645 1482 3712 S.
1507 3644 1607 3709 Rma.

384 3758 607 3826 humilmente
629 3759 795 3845 supplico,
825 3781 959 3846 sempre
985 3760 1033 3847 gli
1060 3761 1187 3827 habbia
1215 3783 1275 3847 per
1306 3757 1608 3828 affectionatissimi

383 3872 487 3955 serui,
502 3884 549 3957 et,
564 3895 688 3941 ancora
700 3864 767 3943 che
778 3874 932 3963 indegni,
947 3898 1007 3962 per
1018 3875 1164 3963 figliuoli
1175 3875 1355 3963 spirituali,
1369 3897 1431 3962 per
1442 3873 1610 3941 indrizzar

384 4012 404 4057 e
419 3991 601 4057 comandar
616 3988 652 4054 in
669 3990 751 4077 ogni
769 4012 861 4071 cosa,
880 3993 946 4060 che
961 3994 1005 4059 V.
1024 3993 1062 4059 S.
1078 3995 1174 4059 Rma.
1190 3991 1347 4077 judicari
1363 4012 1457 4059 esser
1472 3988 1610 4058 alaude

383 4103 512 4172 diuina.

450 4221 493 4285 Et
510 4220 635 4306 perch&
652 4222 724 4287 loro
740 4232 929 4308 poteranno
946 4221 1108 4291 informat
1124 4225 1167 4291 de
1183 4223 1266 4311 ogni
1281 4244 1362 4291 cosa
1376 4224 1421 4291 de
1443 4243 1522 4307 qua,
1541 4241 1609 4288 non

436 4440 449 4469 e
466 4441 521 4481 nos
533 4426 637 4498 quieta
650 4426 721 4484 ibid.
759 4430 806 4470 -f
822 4431 838 4483 a
851 4428 907 4483 XII
920 4430 994 4485 ibid.

439 4616 445 4647 ¹
483 4612 528 4667 Ex
540 4614 603 4669 cod.
626 4614 736 4679 Viciu..
750 4632 780 4672 n.
798 4615 844 4685 78,
858 4632 960 4688 apogr.
974 4630 985 4671 1
1001 4615 1051 4672 iol.
1066 4616 1129 4672 Sub
1146 4634 1176 4672 n.
1195 4630 1230 4687 79
1247 4616 1383 4689 ejusdem
1401 4614 1512 4671 codicis
1529 4614 1611 4671 aliud

381 4702 507 4757 habetur
519 4704 696 4775 exemplum,
711 4704 806 4760 Patris
820 4704 938 4761 Carnoli
952 4722 1050 4777 manu,
1063 4715 1096 4761 ut
1110 4705 1237 4776 videtur,
1251 4714 1414 4762 exaratum.
