3625 5400
720 519 724 525 .
751 489 960 549 ltortttumt
978 487 1158 548 mamona

649 813 765 885 RMO.
789 813 975 884 CUIDAM
997 812 1254 884 CARDINALI

819 939 948 989 noua...
970 937 1038 998 1547
1058 929 1079 981 ¹.

335 1040 506 1116 Religiw
516 1043 814 1112 virmasomamta
824 1045 929 1110 dictor,
940 1043 1030 1102 valdo
1040 1017 1378 1116 mmmmm,
1389 1050 1565 1118 utpnpon·

387 1130 502 1205 tifimnr
521 1133 694 1189 muitum
709 1134 821 1191 eidem
841 1134 931 1192 licent
946 1149 1007 1190 seu
1023 1150 1093 1190 ctam
1110 1132 1254 1190 theotinis
1270 1134 1424 1208 religiosis
1440 1136 1565 1208 conjua-

387 1237 473 1298 rm·
1156 1221 1161 1238 '
1243 1221 1244 1224 ‘

301 1312 310 1331 ⁰
404 1339 506 1406 Rmo.
525 1339 728 1427 monsignor
744 1339 813 1406 mio
828 1339 1137 1409 osservantissimo.

404 1455 455 1522 La
474 1455 511 1524 S.
535 1455 579 1522 V.
597 1457 697 1524 Rma.
720 1455 750 1522 si
769 1455 875 1543 degni
894 1455 1073 1524 notificare
1092 1455 1159 1523 aila
1178 1455 1304 1523 santiti
1320 1455 1354 1524 di
1376 1469 1494 1524 nostro
1515 1457 1562 1523 si-

336 1591 441 1659 gnor,
455 1571 521 1638 che
532 1570 646 1638 alcuni
658 1570 776 1642 deuoti
787 1571 887 1658 preti,
902 1571 1057 1654 chierici,
1072 1581 1107 1641 et
1118 1571 1233 1639 alcuni
1244 1571 1399 1654 secolari‚
1411 1573 1562 1640 chiama·

335 1685 363 1756 ti
378 1687 467 1756 delle
483 1708 585 1774 opere
600 1685 635 1752 di
655 1687 833 1768 somasco,
852 1689 919 1756 che
933 1689 1049 1754 hanno
1064 1709 1147 1754 cura
1161 1687 1243 1757 delli
1259 1687 1415 1756 orfanelii
1431 1711 1492 1776 per
1507 1689 1560 1754 di·

338 1823 437 1870 nerse
452 1802 535 1870 cittii
550 1801 585 1870 di
602 1803 820 1883 Lombardia‚
843 1803 1045 1872 desiderano
1065 1803 1268 1891 aggregarsi
1288 1815 1324 1873 et
1347 1807 1419 1872 fare
1439 1805 1488 1892 gli
1512 1817 1563 1874 tre

335 1919 407 1986 voti
429 1917 603 1988 essentiali
618 1918 654 1986 di
669 1923 825 2005 pouerta
843 1919 968 1986 castita
988 1929 1024 1988 et
1046 1918 1240 1989 obedientia
1259 1921 1349 1988 nella
1369 1941 1563 2008 congrega·

336 2033 430 2104 tione
445 2034 525 2103 delli
540 2033 692 2102 Chierici
707 2033 868 2121 Regolari
883 2035 895 2066 ¹
913 2032 1064 2103 secondo
1079 2035 1112 2101 le
1127 2033 1365 2102 constitutioni
1376 2035 1413 2101 di
1428 2056 1516 2118 essa,
1533 2038 1563 2102 la

331 2152 437 2236 quale
452 2151 471 2217 ὁ
486 2149 644 2218 instituta
659 2172 720 2236 per
735 2151 768 2217 la
779 2150 880 2220 felice
895 2170 945 2216 re.
964 2148 999 2216 di
1015 2149 1307 2245 papaClemente,
1322 2153 1563 2220 econfermata

335 2285 397 2355 per
411 2267 448 2336 S.
467 2265 504 2335 S.
523 2268 546 2332 ⁸.
565 2267 613 2334 La
629 2267 725 2334 detta
739 2265 1027 2352 congregazione,
1041 2265 1172 2334 besche
1185 2288 1285 2353 possa
1296 2288 1358 2354 per
1370 2267 1402 2335 la
1418 2287 1481 2335 sua
1491 2268 1562 2354 pri-

333 2404 391 2449 ma
407 2381 621 2450 institutione
636 2381 789 2450 riceuere
805 2381 918 2467 questi
934 2381 1017 2462 voti,
1036 2381 1289 2458 nientedimeno
1303 2404 1366 2470 per
1381 2383 1563 2473 maggiore

335 2519 400 2565 sua
414 2498 600 2566 deuotione
618 2497 774 2584 supplica
797 2519 817 2564 a
840 2499 878 2567 S.
895 2499 932 2566 S.
952 2497 1055 2566 viuae
1073 2497 1169 2566 vocis
1188 2499 1328 2566 oraculo
1350 2519 1454 2585 possa
1473 2497 1561 2566 rice-

336 2633 419 2680 uere
435 2635 455 2680 a
470 2611 672 2701 probatione
686 2624 722 2682 et
739 2611 951 2701 professione
972 2612 1021 2701 gli
1042 2613 1101 2680 tali
1121 2612 1209 2701 preti
1229 2613 1372 2684 chierici
1391 2624 1426 2682 et
1449 2614 1563 2682 alcuni

335 2728 479 2798 seeotari
494 2730 583 2798 delle
598 2750 702 2815 opere
717 2728 752 2795 di
767 2731 942 2810 Somasco,
961 2742 997 2797 et
1012 2728 1114 2815 dopoi
1132 2730 1220 2796 della
1236 2730 1447 2816 professione
1463 2752 1561 2797 man·
1688 2764 1692 2773 ·

333 2843 421 2910 darli
436 2844 469 2910 al
484 2865 638 2934 gouerno
654 2845 743 2911 della
758 2866 860 2932 opera
880 2856 978 2912 santa
1000 2844 1081 2913 delli
1103 2844 1259 2913 orfanelli
1286 2868 1347 2931 per
1362 2845 1436 2913 loro
1452 2826 1564 2930 primo

334 2959 585 3040 incominciata‚
603 2981 624 3027 o
641 2982 724 3029 uero
744 2960 937 3028 mandando
952 2959 986 3027 in
1008 2982 1071 3027 suo
1094 2962 1195 3027 luoco
1215 2962 1258 3031 de
1279 2960 1382 3046 quelli
1402 2962 1560 3048 professi,

329 3078 399 3144 che
413 3097 560 3145 saranno
575 3076 667 3145 nella
678 3076 960 3163 congregatione,
978 3077 1127 3144 secondo
1143 3078 1208 3144 che
1223 3078 1267 3143 ad
1279 3098 1356 3145 essa
1367 3076 1487 3163 pareri
1505 3100 1561 3145 es-

331 3212 409 3261 sere
424 3191 483 3279 pin
498 3192 698 3279 espediente
710 3192 735 3259 ⁴.

401 3310 433 3374 A
449 3314 547 3396 tergo
562 3329 671 3374 manu
686 3308 723 3373 S.
741 3308 886 3396 Ignatii.
904 3308 971 3375 Per
987 3308 1010 3373 li
1025 3307 1112 3395 preti
1135 3306 1171 3373 di
1192 3306 1398 3375 Lonbardia.
1422 3310 1476 3377 De
1491 3309 1561 3374 don

333 3422 560 3491 Bemrrfimo.

400 3540 482 3605 Atia
497 3560 617 3605 manu.
635 3539 714 3606 Dell
729 3538 828 3607 unire
843 3538 854 3604 i
869 3538 1040 3607 somaschi
1056 3518 1121 3605 cor'r
1138 3537 1162 3604 li
1183 3538 1313 3606 teatini.

388 3772 395 3802 ¹
433 3771 479 3827 Ex
491 3772 555 3827 cod.
569 3770 657 3825 Rom.
671 3769 698 3835 I,
711 3785 827 3841 apogr„
839 3786 869 3823 n.
883 3768 1029 3839 CLXXX,
1041 3768 1122 3841 prius
1135 3768 1186 3825 fol.
1202 3782 1262 3839 145.
1276 3800 1309 3811 -
1321 3768 1442 3835 Cartas,
1461 3787 1491 3825 n.
1509 3769 1560 3827 Cl.

385 3868 398 3899 ¹
435 3861 511 3918 Vide
520 3861 664 3934 epistolas
676 3860 855 3933 superiores.

385 3952 398 3986 ⁸
433 3950 573 4007 Clemens
587 3950 643 4005 VII
658 3948 708 4005 die
723 3962 759 4018 24
777 3947 860 4019 Junii
878 3960 948 4016 15²4
964 3947 1225 4019 congregationem
1243 3949 1440 4005 theatinorum
1458 3949 1561 4005 confrr-

333 4040 438 4099 mavit.

384 4133 396 4165 ⁴
433 4128 500 4185 Non
511 4129 668 4201 apponitur
679 4126 728 4184 cui
740 4134 791 4182 aut
799 4124 917 4199 quando
929 4126 1003 4181 haec
1013 4124 1137 4199 epistola
1149 4126 1259 4201 scripta
1267 4136 1324 4183 est.
1339 4126 1439 4201 Atque
1448 4126 1486 4182 ad
1495 4144 1562 4200 pur.-

331 4228 468 4289 puratum
486 4218 648 4291 principem
665 4217 763 4274 datam
785 4236 853 4275 esse
871 4234 909 4274 ex
926 4221 990 4292 ipsa
1006 4218 1183 4275 salutatione
1196 4216 1260 4273 erui
1281 4214 1413 4271 videtur:
1433 4214 1470 4269 de
1488 4223 1560 4271 tem-

330 4324 402 4379 pore
415 4316 524 4377 autem,
534 4325 602 4363 cum
614 4308 688 4364 nihil
701 4316 815 4364 certum
828 4308 945 4366 definiri
957 4326 995 4367 ex
1004 4308 1127 4366 historia
1139 4304 1294 4365 Orlandini
1304 4312 1356 4360 sut
1365 4304 1485 4360 Polanci
1495 4322 1559 4377 pos-

329 4397 382 4465 sit,
395 4396 492 4453 visum
510 4405 558 4454 est
570 4405 690 4470 propter
701 4399 868 4470 argumenti
885 4400 1100 4456 connexionem
1118 4393 1321 4469 superioribus
1334 4393 1466 4466 epistolis
1484 4394 1559 4449 hanc

327 4502 448 4559 quoque
461 4503 528 4543 esse
541 4485 769 4559 adjungendam.

1808 1255 1809 1282 t

1808 1289 1809 1316 t

1807 1371 1809 1392 t
