3625 5400
550 440 654 497 Esrsr.
675 438 811 509 ate-24
829 437 1021 498 Ducanaris
1042 453 1110 512 1547
1351 442 1407 499 661

202 589 329 672 liceor,
348 600 386 661 ut
402 590 432 659 si
443 590 500 661 ille
512 612 582 661 non
593 590 635 659 iis
647 590 930 679 occupationibus
942 592 1173 673 distinebitur‚
1186 615 1273 679 quas
1283 605 1445 665 omittere

202 692 284 774 sine
299 704 479 793 dispendio
494 706 617 775 maiori
635 729 706 775 non
726 706 845 795 possit,
870 729 932 775 vos
952 708 1150 797 propediem
1170 709 1307 777 invisat.
1330 711 1442 797 Spero

201 819 300 888 enim
321 822 552 893 emolumenta
570 822 646 891 istic
667 845 738 891 non
758 822 890 891 minora
909 826 983 893 fore
1003 826 1047 891 ad
1065 824 1256 892 animarum
1276 825 1443 895 auxilium

199 938 244 1005 ‘et
260 936 326 1007 Dei
341 958 382 1006 ac
398 936 526 1005 domini
538 937 645 1005 nostri
653 940 764 1027 JESV
777 938 908 1007 Christi
919 940 1075 1026 gloriam.
1091 943 1207 1009 Vnum
1218 942 1286 1008 hoc
1301 942 1438 1024 addam,

199 1063 374 1139 ·quantum
390 1053 434 1119 ad
449 1054 538 1121 hanc
553 1064 701 1125 vestram
722 1054 1029 1142 congregationem
1044 1054 1180 1137 attinet,
1198 1057 1293 1143 quod
1314 1078 1439 1144 appro-

205 1166 380 1235 bationem
396 1165 548 1255 episcopi
565 1167 668 1245 vestri
684 1170 697 1205 ⁸
714 1179 749 1236 et
765 1190 915 1239 amorem
934 1172 1126 1239 curandum
1145 1170 1246 1237 vobis
1268 1190 1347 1237 cum
1367 1172 1439 1258 pri-

205 1282 270 1350 mis
285 1294 298 1323 ⁸
313 1304 403 1365 reor,
421 1295 461 1351 ut
476 1305 554 1351 cum
571 1284 684 1353 Patris
699 1284 804 1353 vestri
819 1285 1059 1355 benedictione
1073 1286 1235 1354 crescatis
1247 1306 1391 1357 numero
1402 1298 1439 1357 et

201 1396 332 1467 virtute
348 1399 392 1465 ad
407 1398 544 1468 laudem
559 1398 646 1480 eius,
664 1399 724 1485 qui
739 1400 867 1467 creavit
883 1412 919 1470 et
933 1401 1077 1469 redemit
1092 1423 1167 1482 noe,
1186 1400 1315 1469 domini
1330 1402 1437 1469 nostri

200 1514 310 1601 JESV
327 1512 469 1595 Christi,
488 1514 547 1600 qui
562 1526 730 1603 estsuper
744 1516 860 1585 omnia
875 1514 1077 1585 beneiictus
1098 1517 1134 1584 in
1150 1518 1301 1587 saecula.

272 1627 544 1699 Constitutiones
569 1631 625 1697 vel
653 1632 803 1718 regulas,
827 1653 913 1717 quas
936 1634 980 1700 ad
1003 1654 1058 1700 me
1083 1630 1330 1715 transmisistis
1352 1654 1439 1700 sane

148 1728 154 1739 ⁸
204 1744 323 1830 probo,
341 1754 376 1809 et
391 1742 496 1811 initiis
512 1745 565 1813 his
582 1756 717 1815 vestrae
731 1746 1012 1834 congregationis
1028 1747 1212 1816 convenire
1234 1768 1324 1816 reor.
1347 1748 1435 1814 Pro—

201 1880 326 1946 gressu
344 1860 519 1947 temporis,
537 1861 566 1928 si
582 1861 665 1948 quid
680 1862 876 1931 addendum
891 1864 947 1930 vel
966 1864 1169 1931 mutandum
1191 1862 1308 1942 fuerit,
1329 1882 1435 1949 expe-

202 1974 347 2045 rimenta
362 1997 424 2043 vos
440 1976 614 2044 docebunt
629 1975 649 2058 s,
667 1988 701 2047 et
717 1998 798 2064 ego,
821 1977 851 2045 si
873 1977 956 2062 quid
976 1978 1216 2045 existimavero
1231 1999 1293 2045 vos
1314 1979 1435 2045 admo·

201 2092 349 2172 nendos,
372 2091 519 2162 libenter
543 2092 676 2161 faciam.
699 2092 838 2161 interim
858 2095 929 2161 duo
950 2093 1186 2162 animadversa
1206 2115 1274 2160 non
1295 2094 1431 2161 tacebo.

203 2208 362 2275 Alterum
380 2219 445 2288 est,
463 2209 555 2294 quod
571 2208 683 2277 dicitis
698 2209 734 2275 in
750 2220 873 2296 quarta
889 2209 1148 2278 constitutione:
1171 2210 1215 2276 ad
1230 2208 1331 2275 istam
1346 2229 1433 2276 con-

197 2321 440 2408 gregationem
460 2323 546 2391 nulli
569 2344 631 2391 seu
651 2325 766 2391 nullae
787 2325 1024 2408 admittantur,
1047 2324 1106 2409 qui
1127 2334 1246 2391 votum
1265 2332 1350 2407 etc.;
1372 2324 1432 2389 ubi

195 2435 363 2505 videmini
379 2438 480 2507 etiam
498 2438 658 2509 foeminei
670 2461 774 2507 sexus
786 2439 953 2508 rationem
966 2441 1105 2522 habere,
1121 2438 1201 2508 licet
1212 2439 1354 2506 inferius
1365 2439 1432 2506 sub

197 2562 282 2619 voto
302 2574 373 2619 non
395 2552 606 2640 recipiendas
626 2555 792 2625 foeminas
812 2553 1097 2623 inobedientiam
1119 2566 1213 2624 recte
1235 2554 1428 2623 declaretis.

201 2667 269 2734 Hic
286 2688 347 2736 vos
368 2668 516 2740 monitos
535 2670 648 2752 velim,
672 2672 764 2758 quod
785 2681 902 2740 nostra
922 2671 1078 2741 Societas
1100 2692 1171 2739 non
1191 2670 1351 2752 admittit,
1369 2672 1432 2741 sed

198 2804 264 2851 nec
280 2795 393 2872 potest
408 2784 588 2854 admittere
605 2787 783 2868 foeminas,
803 2799 841 2856 ut
856 2793 974 2856 ear'um
986 2807 1104 2854 curam
1116 2788 1254 2867 habeat,
1269 2784 1336 2852 nisi
1346 2806 1430 2853 con-

194 2899 357 2980 sulendo,
375 2911 410 2967 et
426 2899 461 2966 in
478 2900 565 2983 aliis,
583 2923 671 2988 quae
687 2903 772 2969 nulli
788 2901 966 2970 hominum
980 2901 1169 2969 conditioni
1183 2902 1239 2971 vel
1253 2899 1352 2968 sexui
1367 2922 1430 2970 ne-

196 3013 274 3098 gari
291 3025 446 3100 possunt.
465 3016 503 3082 ld
519 3017 610 3083 enirn
627 3018 746 3086 sedulo
762 3016 960 3084 curauimus
976 3040 996 3084 a
1011 3038 1147 3085 summo
1158 3016 1322 3104 pontifice
1337 3015 1431 3084 obti-

200 3151 294 3210 nere,
313 3130 424 3213 nobiS,
442 3143 476 3200 et
493 3131 528 3198 in
544 3133 656 3200 locum
672 3143 829 3201 nostrum
846 3131 1112 3200 succedentibus
1127 3132 1348 3219 providend0,
1367 3155 1424 3212 ne,

199 3258 337 3332 propter
353 3247 483 3315 minora
495 3259 529 3316 et
542 3248 657 3315 multis
669 3247 816 3316 obnoxia
828 3248 992 3316 molestiis
1006 3259 1032 3328 ¹,
1047 3247 1175 3315 maiora
1186 3265 1310 3334 operae
1320 3245 1336 3288 ¹¹
1347 3268 1427 3334 pre·

199 3359 247 3427 tia
264 3361 422 3430 omittere
438 3363 481 3430 ad
497 3362 562 3432 Dei
577 3343 741 3432 honorem
757 3376 793 3431 et
813 3363 1004 3431 animarum
1023 3361 1187 3431 auxilium
1208 3382 1425 3448 cogeremur.

198 3475 306 3560 quue
323 3477 389 3544 iam
405 3477 503 3546 nobis
518 3500 720 3549 concessum
737 3491 789 3550 est
805 3481 830 3545 ⁹.

266 3595 436 3676 Alterum,
455 3596 547 3679 quod
563 3594 879 3676 animadverteram,
896 3605 962 3676 est,
981 3595 1073 3680 quod
1088 3593 1298 3680 paupertatis
1313 3602 1349 3661 et
1363 3613 1423 3659 ca-

192 3707 322 3776 stitatis
337 3720 455 3777 votum
472 3709 671 3796 exprimitis,
690 3709 860 3779 ineundae
875 3720 992 3778 autem
1011 3708 1194 3779 Societatis
1214 3707 1425 3794 propositum

200 3857 411 3872 ——n—

211 3931 215 3943 ’
252 3946 264 3974 0
301 3931 387 3986 vobis
409 3930 551 4004 imprimis
573 3933 629 3988 alt.
651 3951 697 3990 ex.
735 3934 790 3976 -f
806 3949 859 3988 vos
881 3931 1049 3988 edocebunt
1070 3933 1125 3987 alt.
1145 3948 1191 3988 ex.
1228 3946 1279 3986 -s
1297 3930 1427 3986 obnoxia

196 4017 348 4074 molestias
358 4020 414 4075 alt.
427 4038 473 4076 ax.
511 4023 562 4065 -h
581 4021 689 4078 maiora
702 4039 790 4095 opera
803 4023 859 4078 alt.
872 4040 919 4079 ex.

250 4209 261 4242 ⁸
298 4210 368 4264 Erat
387 4209 534 4282 Georgius
552 4209 589 4266 de
608 4211 737 4283 Austris,
758 4210 918 4266 leodiensis
936 4209 1105 4282 episcopus,
1123 4225 1160 4263 ex
1178 4205 1328 4263 valentina
1346 4205 1425 4262 dioe-

190 4295 258 4352 cesi
271 4297 301 4353 in
314 4299 456 4371 Hispania
469 4298 611 4356 Leodium
624 4303 791 4358 translatus.
807 4299 854 4358 cf.
869 4301 968 4372 Epist.
981 4299 1108 4363 Mixtus,
1121 4297 1145 4369 1,
1167 4296 1229 4354 180.

249 4388 260 4420 ⁹
297 4385 476 4444 Societatem
488 4389 608 4444 liberari
619 4389 803 4458 feminarum,
818 4389 877 4446 sibi
888 4389 1097 4460 subjectarum,
1112 4403 1183 4442 cura
1195 4386 1324 4442 obtinuit
1341 4386 1426 4456 lgna·

191 4473 255 4529 tius
274 4487 309 4530 20
327 4476 396 4548 Maji
416 4489 494 4547 1547.
512 4476 674 4534 Videantur
693 4495 791 4551 supra,
809 4484 999 4533 monumenta
1009 4494 1060 4533 nu.
1080 4489 1141 4545 172,
1162 4474 1223 4548 173;
1241 4476 1423 4546 PouatthS,

197 4561 320 4629 caron,
336 4565 358 4636 I,
374 4568 541 4638 211.—Jam
554 4574 672 4623 notetur
684 4585 737 4640 per
750 4577 938 4623 transennam
951 4583 989 4620 ex
1001 4567 1057 4621 hoc
1069 4565 1148 4622 facto
1160 4562 1324 4620 confirmari
1338 4579 1426 4635 posse

191 4654 269 4708 banc
283 4655 438 4726 epistolam
451 4663 519 4712 ante
532 4672 641 4712 annum
656 4669 724 4726 1547
737 4655 835 4712 datam
848 4671 907 4712 nou
918 4653 1023 4712 tuisse.
