3625 5400
672 481 776 536 Errsr.
798 479 985 550 173.-MaJo
1006 493 1073 552 1547
1394 493 1450 552 517

282 637 285 647 '
324 601 524 720 Inscriptio.
551 633 747 703 Memoriale
767 636 811 701 ad
833 656 968 721 papam,
994 657 1038 702 ne
1061 635 1169 703 nostri
1192 637 1339 704 habeant
1364 655 1484 702 curam

254 750 472 817 monialium:
519 799 525 808 -
963 767 965 774 '

323 866 435 932 Manu
450 869 496 935 P.
515 868 563 932 N.
582 867 730 954 Ignatii.
747 867 858 935 Sobre
873 888 1035 954 mugeres
1051 869 1216 954 proiesas.

834 985 898 1065 173

593 1092 762 1185 ⁴anum
787 1118 831 1183 111
856 1117 995 1184 rona.
1022 1103 1139 1186 Max.

710 1243 799 1287 noun
818 1245 900 1299 nmo
922 1244 991 1302 1547
1009 1232 1028 1285 ¹.

253 1326 336 1384 Orat
344 1328 519 1401 pontificem
532 1329 675 1402 ignatius
686 1346 741 1385 suo
752 1348 788 1385 ac
804 1331 963 1386 Societatis
982 1332 1104 1386 nomine
1116 1331 1189 1387 velit
1207 1332 1241 1386 in
1258 1348 1345 1386 omae
1363 1335 1482 1403 tempus

303 1419 439 1473 eamdem
454 1417 631 1475 Societatem
644 1436 733 1474 onere
746 1419 876 1475 liberare
888 1421 1018 1492 regendi
1030 1421 1216 1474 monasteria
1232 1419 1416 1474 monialium
1435 1420 1482 1475 vel

303 1523 455 1572 sororum,
472 1512 527 1562 aut
544 1525 804 1578 quarumcumque
822 1509 960 1563 aliarum
977 1509 1143 1564 mulierum
1161 1526 1268 1563 curam
1285 1507 1480 1580 suscipiendi,

303 1596 357 1649 sub
371 1597 527 1652 Societatis
539 1597 706 1652 obedientia
719 1599 820 1652 viuere
837 1597 1243 1669 cupientium-Orantium
1256 1599 1333 1653 votis
1342 1597 1482 1670 pontifex

307 1685 435 1758 benigne
447 1688 560 1741 annuit
576 1701 611 1756 19
623 1673 703 1757 Maii
716 1700 799 1756 1547.

761 1817 767 1832 ·
808 1793 923 1862 Vrbis.
1261 1795 1476 1864 Lambertus.

322 1909 524 1977 Beatissime
541 1913 644 1977 Pater
659 1910 684 1976 ¹.

320 2026 409 2090 Cum
425 2024 543 2090 deuoti
559 2025 595 2092 S.
615 2026 659 2092 V.
674 2037 838 2105 oratores,
852 2025 1045 2112 prepositus
1056 2025 1227 2112 generalis
1238 2034 1274 2091 et
1286 2025 1478 2112 presbyteri

252 2140 436 2209 Societatis
447 2143 544 2228 Jesu,
558 2163 579 2207 a
595 2142 632 2209 S.
651 2142 695 2207 V.
710 2141 914 2210 auctoritate
930 2140 1115 2228 apostolica
1131 2140 1286 2227 institute
1302 2151 1336 2208 et
1352 2162 1477 2227 appro-

251 2233 343 2338 bate,
360 2255 428 2322 iam
445 2255 524 2323 inde
544 2277 565 2321 a
585 2255 693 2341 prima
713 2279 776 2323 sua
794 2255 978 2325 vocatione
998 2259 1091 2322 hunc
1105 2255 1261 2342 spiritum
1278 2265 1313 2324 et
1329 2255 1475 2342 gratiam

251 2371 317 2438 Dei
337 2371 507 2441 senserint
527 2383 562 2440 et
582 2371 677 2438 iuxta
697 2372 990 2462 confirmationem
1007 2372 1043 2439 S.
1068 2374 1111 2440 V.
1131 2371 1257 2438 fuerint
1273 2370 1420 2453 executi,
1439 2381 1476 2436 vt

251 2487 540 2573 predicationibus
555 2497 590 2556 et
612 2487 818 2555 lectionibus
838 2487 956 2571 sacriS,
973 2486 1268 2575 exhortationibus
1288 2495 1323 2554 et
1343 2485 1475 2554 exerci-

250 2601 305 2668 tiis
320 2603 566 2688 spiritualibus
580 2614 615 2671 et
627 2602 701 2669 aliis
713 2603 888 2670 charitatis
904 2602 1077 2690 operibus,
1091 2601 1127 2668 in
1143 2623 1227 2689 agro
1239 2601 1420 2668 Dominico
1432 2601 1475 2668 ad

249 2740 463 2785 communem
481 2718 634 2785 omnium
651 2719 840 2785 animarum
860 2720 1007 2787 salutem
1023 2740 1098 2787 sese
1114 2739 1176 2803 pro
1192 2717 1281 2784 virili
1296 2740 1359 2785 sua
1375 2740 1475 2786 exer-

247 2844 348 2900 ceant
368 2834 402 2899 in
425 2833 585 2915 Domin0,
602 2856 736 2920 semper
756 2835 899 2902 calceati
919 2845 954 2901 et
974 2832 1123 2920 expediti
1143 2834 1177 2900 in
1200 2832 1473 2919 preparationem

246 2949 420 3035 euangelii
447 2949 541 3034 pacis
563 2950 777 3041 [secundum]
798 2948 1022 3036 prescriptum
1043 2959 1078 3015 et
1099 2948 1328 3017 obedientiam
1350 2948 1385 3016 S.
1411 2949 1470 3032 V.‚

246 3064 371 3148 quouis
387 3076 553 3132 terrarum
573 3064 649 3132 illos
669 3065 814 3148 miserit;
832 3065 1059 3132 sollicitantur
1081 3074 1195 3130 tamen
1216 3063 1298 3129 dicti
1319 3074 1473 3130 oratores
1532 3100 1534 3103 ·

245 3202 288 3247 ex
304 3180 449 3247 diuersis
469 3180 668 3248 ciuitatibus
688 3191 723 3250 et
743 3181 941 3267 regionibus
957 3182 1001 3247 ad
1017 3179 1233 3265 suscipienda
1249 3190 1340 3259 vota,
1359 3188 1394 3245 et
1410 3198 1472 3245 cu·
1502 3182 1505 3187 “

245 3317 317 3361 ram
334 3295 531 3361 monialium
547 3307 582 3363 et
599 3296 777 3362 mulierum
798 3298 924 3363 deuote
939 3298 1016 3363 Deo
1033 3294 1162 3363 seruire
1178 3293 1401 3379 cupientium.

311 3412 399 3478 Cum
428 3423 557 3492 autem,
581 3415 683 3478 Pater
703 3424 832 3495 sancte,
855 3423 1006 3480 oratores
1030 3409 1171 3497 predicti
1195 3409 1470 3476 animaduertant

243 3528 308 3592 hoc
324 3547 431 3592 vnum
447 3548 524 3593 esse
539 3549 705 3613 magnum
717 3526 996 3613 impedimentum
1009 3525 1176 3612 primariis
1188 3536 1290 3610 atque
1302 3520 1469 3592 essentia-

242 3640 332 3707 libus
348 3641 539 3708 vocationis
555 3663 617 3709 sue
633 3642 754 3708 officiis
770 3653 804 3707 et
820 3640 1017 3709 ministeriis
1033 3640 1067 3707 in
1084 3639 1287 3725 obsequium
1303 3638 1381 3717 Dei,
1404 3618 1469 3703 sibi

240 3756 518 3823 incumbentibus
534 3781 576 3825 ex
592 3757 666 3843 ipso
682 3756 859 3844 principali
875 3759 913 3827 S.
929 3759 972 3824 V.
988 3757 1157 3838 institut0;
1172 3767 1206 3821 et
1220 3775 1297 3820 cum
1310 3757 1374 3820 hec
1386 3774 1468 3819 cura

239 3874 356 3938 adhuc
373 3873 521 3941 exordiri
536 3874 689 3959 incipiat,
708 3885 744 3941 et
763 3874 908 3939 multum
929 3874 1094 3959 impedire
1114 3894 1214 3959 posse
1235 3879 1410 3951 censeant,
1433 3878 1468 3936 et

239 3987 388 4072 quoduis
404 3989 439 4053 in
460 3987 625 4074 principio
646 3987 926 4073 impedimentum
953 4000 1069 4075 posset
1096 3986 1258 4071 deinceps
1281 3983 1466 4050 maximum

239 4102 325 4185 fieri3
345 4125 449 4187 quare
471 4104 508 4171 S.
532 4105 576 4171 V.
600 4114 751 4169 oratores
770 4104 913 4189 predicti
936 4080 1108 4170 humiliter
1128 4100 1322 4187 supplicant
1343 4108 1467 4183 quate·

238 4239 320 4300 nus,
335 4197 475 4284 attentis
490 4217 674 4305 premissis,
699 4230 735 4287 et
754 4230 792 4283 vt
812 4219 951 4285 liberius
975 4219 1165 4285 seeundum
1189 4214 1378 4283 vocationis
1401 4235 1465 4283 sue

237 4333 448 4419 propositum
475 4347 510 4400 et
532 4334 710 4401 institutae
730 4332 911 4402 societatis
931 4332 1127 4401 huiusmodi
1147 4331 1341 4398 institutum
1362 4329 1462 4398 dein-

289 4520 297 4551 ¹
336 4522 381 4575 Ex
398 4524 462 4578 cod.
478 4523 565 4579 Rom.
579 4526 605 4589 I,
622 4536 633 4577 1
649 4523 710 4594 iol,
726 4539 755 4577 n.
771 4522 902 4578 CXXXI.
918 4522 1043 4577 Videtur
1055 4522 1206 4593 exemplar
1219 4519 1372 4593 originale3
1387 4525 1462 4573 atta·

236 4626 304 4664 men
316 4612 373 4665 hoc
385 4611 528 4667 affirmare
541 4628 598 4668 non
611 4611 765 4682 audemus,
778 4628 845 4666 nam
858 4612 949 4682 sigilli
962 4614 1073 4667 nullum
1087 4618 1207 4683 apparet
1220 4610 1390 4681 vestigium.

287 4703 298 4733 ²
336 4698 413 4755 Vide
425 4701 561 4772 superius
574 4709 795 4756 monumentum
808 4708 926 4774 atquae
939 4700 981 4757 ibi
994 4700 1210 4757 adnotavimus.
