3625 5400
825 461 1032 518 Montium
1050 462 1229 518 lemma

989 653 1066 733 2³7

537 786 691 854 PATER
708 785 924 875 JOANNES
947 786 1011 852 DE
1034 778 1261 854 POLANCO
1286 787 1348 853 EX
1370 786 1527 855 COMM.

703 900 824 956 PA'rm
843 898 1083 958 HmRoNYMo
1102 898 1349 959 DOMENEcco

816 1028 906 1071 non
924 1032 941 1085 4
958 1028 1106 1083 mium
1125 1015 1194 1085 1548
1213 1017 1234 1071 ¹.

416 1136 496 1189 Votis
502 1134 635 1205 joannis
651 1136 687 1189 de
708 1134 788 1206 Vaga
804 1149 941 1187 annuero
958 1132 1098 1205 ignatius
1115 1132 1231 1197 volens,
1247 1136 1340 1189 socios
1351 1136 1450 1190 decem
1463 1134 1658 1191 Musam

898 1222 1019 1276 mittero
1030 1222 1150 1275 statuit.

1004 1348 1021 1399 †

985 1402 1053 1492 Ihsf

476 1544 668 1614 Charisimo
685 1544 797 1613 Padre
813 1549 881 1611 mio
897 1567 940 1612 en
957 1546 1034 1614 ihu.
1052 1544 1117 1611 X.⁰

474 1662 521 1729 La
538 1658 713 1728 intencibn
725 1661 769 1729 de
780 1669 923 1728 nuestro
937 1662 976 1727 P.
992 1662 1093 1727 Mtro.
1109 1659 1249 1748 Ignacio
1260 1682 1298 1729 es
1310 1660 1486 1729 satisfazer
1496 1672 1513 1703 ⁸
1524 1682 1576 1728 en
1591 1674 1648 1729 to·

408 1780 470 1845 das
482 1798 638 1845 maneras
650 1782 671 1842 έι
682 1776 715 1843 la
727 1776 893 1843 uoluntad
904 1775 961 1843 del
972 1776 1025 1845 Sr.
1036 1778 1149 1864 Johin
1161 1775 1205 1843 de
1216 1763 1350 1866 [Vefga‚
1364 1774 1538 1842 imbiando
1550 1796 1578 1859 4
1590 1779 1647 1844 le-

409 1892 523 1959 trados
538 1914 561 1977 y
575 1891 597 1957 6
613 1890 814 1959 studiantes.
835 1893 903 1957 Por
919 1900 1015 1957 tanto
1029 1888 1045 1929 Β
1060 1889 1089 1955 si
1104 1891 1137 1956 la
1157 1889 1283 1957 ciudad
1301 1889 1420 1975 quiere
1440 1892 1569 1959 fundar
1591 1916 1644 1959 vn

407 2008 553 2095 collegio
568 2030 648 2094 para
664 2009 698 2081 la
713 2008 914 2093 Compafiia,
928 2012 1038 2092 segt'm
1051 2028 1119 2091 que
1130 2028 1192 2095 por
1206 2007 1258 2073 las
1268 2008 1449 2074 vuestras'
1462 2030 1501 2108 qs
1515 2010 1644 2077 decla·

407 2130 496 2211 riys,
513 2122 736 2215 ymbiandose
751 2124 801 2191 las
817 2144 980 2210 personas
994 2145 1039 2208 ya
1052 2122 1183 2204 dichaS,
1201 2144 1240 2190 se
1254 2124 1383 2191 ileuarfi
1397 2125 1431 2190 la
1445 2145 1527 2191 cosa
1549 2127 1641 2193 ade-

405 2240 498 2308 lante
513 2240 627 2307 conia
642 2241 755 2326 ayuda
770 2241 814 2307 de
833 2238 918 2307 Dios
933 2240 978 2306 N.
997 2238 1035 2308 S.
1054 2260 1137 2325 para
1151 2258 1192 2305 su
1209 2260 1327 2325 mayor
1346 2238 1495 2308 seruicio
1514 2262 1540 2325 y
1560 2240 1640 2307 ala·

405 2358 525 2441 banca.
545 2355 583 2424 Si
598 2362 619 2422 ά
633 2356 666 2423 la
680 2354 804 2422 cibdad
824 2377 869 2421 no
890 2355 1062 2442 pareciere
1083 2355 1207 2421 fundar
1223 2356 1255 2423 ei
1277 2356 1324 2421 tal
1343 2353 1503 2442 collegi0,
1528 2357 1575 2425 de
1600 2358 1637 2422 ia

405 2470 524 2538 misma
544 2493 681 2539 manera
705 2492 741 2538 se
761 2476 927 2557 proueera
947 2471 991 2539 de
1011 2492 1184 2556 personas’,
1202 2450 1301 2537 conso
1322 2476 1396 2539 esta
1414 2470 1529 2551 dicho,
1547 2492 1636 2560 para

406 2585 488 2652 todo
501 2587 534 2652 el
550 2585 678 2673 tiempo
693 2608 759 2671 que
770 2587 802 2652 el
815 2586 867 2655 Sr.
880 2588 992 2674 Johan
1008 2588 1052 2653 de
1065 2588 1165 2673 Vega
1180 2609 1222 2655 en
1240 2607 1298 2655 ese
1313 2606 1420 2672 reyno
1435 2606 1473 2653 se
1485 2586 1632 2665 ballare.

404 2724 465 2788 por
480 2704 513 2768 la
529 2707 623 2769 tanta
637 2725 660 2788 y
677 2713 735 2770 tan
751 2705 874 2769 mucha
890 2702 1097 2790 obligaci6n‚
1114 2724 1183 2788 que
1198 2725 1259 2789 por
1274 2723 1369 2770 amor
1391 2726 1415 2788 y
1430 2704 1632 2772 reverencia

404 2816 520 2884 diuina
535 2827 609 2885 esta
624 2818 813 2904 Compafiia
828 2817 919 2887 tiene
936 2839 1015 2904 para
1031 2817 1210 2904 siemprei
1225 2818 1262 2887 S.
1282 2818 1370 2887 Stia.
1389 2819 1481 2884 Yasi
1497 2839 1535 2886 se
1545 2839 1630 2904 per-

404 2931 509 2999 suade
524 2933 589 2999 ella
605 2953 683 3018 que,
701 2953 745 3002 en
761 2931 871 3000 seruit
885 2939 906 3000 ἑ
922 2933 959 3002 S.
979 2935 1083 3014 Stia,
1100 2933 1217 2999 siruen
1233 2939 1253 3000 ἐι
1268 2953 1310 3000 su
1325 2933 1458 3000 criador
1473 2943 1625 3020 yseflor,

403 3053 525 3134 icuya
540 3047 742 3136 dispositibn
757 3071 780 3134 y
796 3058 910 3117 mente
926 3046 1044 3115 diuina
1059 3071 1097 3116 se
1112 3048 1200 3115 debe
1214 3049 1319 3115 dexar
1333 3049 1366 3115 el
1385 3069 1546 3116 successo
1569 3050 1626 3116 del

405 3163 485 3230 todo
500 3184 582 3251 para
596 3164 753 3232 adelante
769 3175 793 3230 ⁰.

448 3281 522 3348 ¹*De
538 3281 645 3346 Roma
662 3299 683 3361 4
698 3280 741 3346 de
757 3281 870 3346 Enero
885 3279 929 3346 de
950 3281 1045 3363 1548.

1421 3398 1435 3463 1

468 3515 498 3578 A
515 3517 614 3599 tergo
629 3533 737 3577 manu
749 3513 794 3577 P.
813 3512 971 3577 Polanci.
986 3510 1096 3597 Copia
1110 3511 1154 3578 de
1169 3533 1236 3578 vna
1247 3509 1396 3598 ynbiada
1407 3517 1427 3578 ά
1438 3510 1555 3581 Sicilia
1568 3535 1626 3580 so·

402 3629 462 3694 bne
479 3627 512 3694 el
527 3626 673 3712 collegio
688 3627 732 3692 de
749 3627 909 3694 Messina.

406 3769 615 3778 -n-——n—-u-—u

452 3848 467 3878 ι
503 3834 720 3892 Praeoedentia
737 3849 844 3889 novem
861 3833 952 3888 verba
967 3839 1039 3889 sunt
1050 3836 1245 3908 autographa
1257 3835 1288 3890 S.
1308 3834 1436 3908 Ignatii.
1474 3837 1525 3879 -b
1542 3835 1623 3891 Idem

400 3923 538 3996 intellige
549 3925 586 3979 de
592 3923 732 3994 praeced.
742 3922 857 3978 duobus
865 3922 973 3978 verbis.
1011 3936 1059 3966 ..e
1078 3923 1166 3993 Quae
1177 3926 1346 3994 sequuntur
1357 3940 1454 3978 manu
1463 3923 1495 3980 S.
1509 3925 1626 3997 Ignatii

400 4015 622 4068 exaratasunt.

454 4195 462 4227 ¹
501 4196 546 4249 Ex
557 4195 620 4250 cod.
636 4195 723 4250 Rom.
739 4195 763 4260 I,
777 4195 901 4263 archet.,
914 4212 945 4250 n.
960 4194 1149 4262 Lxxxvm,
1163 4196 1245 4266 prius
1258 4193 1303 4250 83.

454 4289 465 4318 ¹
502 4283 547 4338 Ex
560 4284 615 4340 hoc
628 4285 703 4353 loco,
717 4283 807 4340 immo
819 4300 856 4338 ex
869 4291 933 4339 tota
945 4284 1081 4355 epistola,
1094 4281 1247 4339 conficitur
1259 4301 1325 4338 eam
1337 4283 1375 4339 ad
1386 4284 1506 4340 Patrem
1522 4283 1623 4340 flieto-

401 4387 521 4442 nymum
541 4371 759 4427 Domeneccum
780 4371 855 4443 dari,
872 4370 923 4443 qui
940 4387 1016 4426 unus
1033 4387 1050 4425 e
1068 4371 1217 4426 Societate
1234 4371 1266 4426 in
1279 4369 1381 4428 Sicilia
1398 4379 1470 4428 tunc
1486 4372 1623 4428 sacerdos

403 4461 583 4518 venabatur.
599 4459 676 4516 Vide
688 4467 840 4534 praeterea
852 4459 1007 4532 epistolam
1025 4458 1218 4531 superiorem,
1234 4469 1266 4517 et
1276 4477 1365 4534 quam
1380 4461 1481 4517 statim
1499 4461 1622 4519 edimus.
