3625 5400
507 496 610 551 Errsr.
633 498 942 554 roo—Dncrmnnra
960 511 1049 555 anno
1069 511 1137 570 1545
1345 499 1398 573 317

277 645 418 730 Quanto
445 653 465 713 1
492 648 525 714 la
553 649 564 682 ⁴
580 701 985 716 .........
1000 672 1047 737 yo
1067 671 1218 737 pensaua
1244 651 1430 739 escriuirle,

209 781 283 828 mas
299 782 363 847 por
379 782 486 848 agora
506 785 561 830 me
576 766 621 831 ha
642 764 781 850 quitado
794 816 1433 835 ..............

205 928 743 944 ............
758 881 809 948 soi
825 881 933 949 cierto
947 881 976 948 si
995 904 1039 967 ya
1054 903 1098 948 en
1113 903 1213 950 cosas
1228 885 1271 952 de
1288 895 1361 952 rota
1377 909 1433 956 me

208 1014 376 1079 ocupasse
402 1017 426 1080 y
444 996 563 1062 hablar
584 998 616 1064 al
636 1018 723 1084 papa
743 996 844 1066 sobre
859 997 926 1064 ello
942 1049 972 1059 -
987 1048 1020 1059 ..
1034 1050 1066 1060 -
1078 1020 1110 1059 ·.
1124 1050 1156 1060 ..
1179 1004 1200 1065 a
1216 1001 1315 1066 todas
1334 1011 1433 1068 santa

209 1108 411 1178 edificacion
434 1113 568 1179 mucha*
581 1133 642 1199 por
669 1134 719 1200 no
734 1113 884 1199 presumi
905 1166 936 1174 -
952 1166 983 1176 -
997 1166 1030 1176 -
1044 1165 1076 1176 -
1091 1167 1123 1192 ,-
1145 1115 1267 1201 pleitos
1287 1120 1307 1181 1
1329 1135 1375 1181 no
1395 1137 1433 1185 se

208 1276 240 1286 -
256 1226 334 1292 ..10
351 1247 418 1311 que
434 1281 464 1288 -
480 1281 511 1289 -
527 1281 557 1290 ..
574 1228 707 1314 pienza,
725 1228 754 1295 si
775 1230 810 1298 S.
835 1230 880 1296 A.
903 1249 942 1296 os
962 1251 982 1296 a
1002 1229 1149 1298 hablado
1172 1252 1215 1297 en
1231 1231 1298 1297 ello
1318 1254 1338 1298 a
1358 1229 1434 1298 sido

209 1347 282 1407 mas
301 1362 364 1426 por
386 1343 642 1429 condescender
664 1365 730 1410 con
751 1345 827 1424 ella,
846 1365 914 1430 que
935 1365 997 1430 por
1017 1345 1049 1412 el
1072 1367 1113 1412 su
1128 1397 1433 1409 .......

209 1466 351 1525 nuestro
371 1456 555 1527 entienden
575 1481 619 1527 en
639 1461 706 1528 ello
721 1510 1125 1524 ---------
1142 1462 1283 1547 quieren
1304 1484 1433 1548 querar

208 1597 417 1660 --....y
441 1575 616 1644 satisfazer
636 1581 656 1642 a
676 1577 713 1644 S.
738 1577 771 1643 A
775 1627 1433 1643 ---------------

207 1681 612 1754 ..--..----ζ.
624 1743 1023 1756 .........
1043 1693 1433 1776 ia,niala..--..

206 1859 240 1871 -
254 1858 287 1868 ..
302 1807 467 1874 entender
482 1828 525 1873 en
542 1806 747 1892 semejantes
766 1829 881 1890 cosas3
900 1830 1059 1895 que-aun
1078 1815 1139 1876 aea
1161 1809 1333 1876 hablando
1352 1816 1433 1895 yoa

207 1923 245 1992 S.
262 1923 299 1991 S.
319 1941 417 1988 cerea
432 1923 465 1988 la
483 1921 599 2010 gracia
612 1945 693 2009 para
708 1924 760 1990 los
776 1924 940 2012 collegios
960 1926 1004 1991 de
1020 1925 1139 1992 Padua
1154 1947 1177 2010 y
1195 1925 1353 2008 Uenetia,
1371 1946 1433 2010 por

208 2059 263 2106 ser
278 2058 358 2103 cosa
373 2041 440 2123 pla,
459 2058 503 2103 no
526 2036 623 2124 quise
644 2038 796 2106 habiarle
811 2039 854 2108 de
870 2039 902 2106 la
919 2028 1144 2125 compositidn
1165 2061 1233 2125 que
1256 2037 1356 2106 uiene
1371 2061 1434 2126 por

208 2154 242 2219 la
259 2151 363 2220 unidn
378 2151 434 2221 del
449 2152 608 2239 priorado
623 2204 882 2216 ------
898 2175 965 2220 con
980 2155 1033 2221 los
1047 2154 1212 2241 collegios
1228 2155 1283 2240 (de
1305 2155 1337 2221 la
1353 2155 1433 2240 qual

209 2266 359 2334 tambien
379 2289 416 2337 se
440 2266 630 2354 adignado
657 2271 759 2338 hazer
780 2269 896 2356 gracia
916 2275 937 2335 a
956 2269 989 2335 la
1011 2248 1210 2356 Campania)
1230 2268 1293 2356 por
1314 2291 1433 2338 nome

209 2393 317 2452 meter
333 2404 377 2450 en
393 2403 492 2450 cosas
511 2383 716 2470 semejantes
728 2436 1036 2448 .......
1053 2386 1083 2450 Y
1105 2406 1160 2450 me
1181 2385 1329 2451 acuerdo
1346 2397 1433 2450 tarn—

209 2497 289 2566 0100
303 2499 347 2567 (10
362 2499 453 2566 dona
473 2499 609 2568 Leonor
628 2503 860 2582 Mazcarer'laS,
882 2522 951 2586 que
971 2502 1003 2570 01
1023 2510 1090 2568 allo
1109 2501 1238 2587 pasado
1261 2523 1317 2568 me
1333 2499 1434 2567 envio

207 2636 253 2679 vn
271 2613 317 2679 tal
332 2613 486 2702 negoti0,
503 2636 526 2701 y
541 2636 587 2702 yo
601 2614 634 2684 le
650 2619 777 2703 negue,
792 2615 1007 2684 embiitndola
1022 2621 1043 2682 a
1058 2615 1151 2685 dezir
1167 2621 1265 2682 cdmo
1281 2637 1340 2685 era
1354 2636 1435 2682 cosa

113 2804 116 2811 ,
209 2730 378 2797 contraria
394 2736 413 2797 1
429 2740 597 2798 00001100.

276 2846 306 2913 Y
322 2846 351 2913 si
371 2865 471 2914 cerea
491 2847 522 2913 la
542 2856 641 2913 santa
661 2846 866 2934 inquisicion
885 2870 908 2934 y
924 2898 1371 2912 ----------
1391 2848 1435 2913 he

207 2960 355 3029 hablado
370 2959 524 3067 diuersas
538 2981 651 3043 vezes,
670 2964 716 3029 ha
732 2962 828 3030 seido
844 2985 906 3049 por
918 2985 973 3031 ser
984 2985 1066 3031 cosa
1078 2974 1175 3031 tanto
1186 2969 1243 3050 pla
1257 2964 1335 3049 yde
1351 2982 1434 3028 con-

133 3071 142 3085 *
208 3075 336 3156 cordia,
359 3077 408 3143 las
435 3077 554 3162 quales
581 3098 679 3145 cosas
706 3100 729 3164 y
748 3078 875 3149 slmiles
889 3130 1107 3143 .....
1129 3101 1197 3167 que
1215 3130 1435 3143 .....

208 3190 381 3277 quisieron
396 3190 538 3259 mundar
554 3214 598 3261 en
614 3194 646 3259 01
658 3193 771 3263 Serlor
783 3206 924 3264 nuestro
934 3218 979 3263 en
990 3198 1024 3263 lo
1035 3217 1122 3283 poco
1129 3178 1202 3282 'que
1216 3195 1435 3283 pudieremos

208 3308 259 3374 las
274 3309 469 3395 podriamos
485 3308 595 3375 saltar.

276 3426 418 3509 Quanto
438 3429 458 3490 a
472 3476 504 3487 ..
517 3477 549 3488 -
562 3475 594 3486 -
611 3428 621 3459 ⁵
639 3426 683 3491 ha
710 3396 814 3513 pocos
841 3426 916 3493 dias
943 3447 1011 3512 que
1037 3428 1070 3495 le
1093 3426 1198 3494 recibi
1220 3448 1282 3513 por
1297 3436 1436 3495 vuestra
1544 3477 1547 3485 .

261 3649 274 3681 ⁴
309 3646 398 3701 Plura
410 3646 470 3716 hic,
480 3647 579 3703 attrita
593 3648 694 3703 charta
707 3655 758 3703 aut
770 3656 934 3705 atramento
944 3664 1071 3721 corrosa,
1082 3646 1437 3719 evanuere..Conjicimus

103 3736 108 3747 '
208 3743 308 3791 tamen
320 3744 466 3807 spectare,
476 3752 552 3809 quae
562 3734 611 3792 hic
620 3735 837 3809 desiderantur,
849 3738 887 3793 ad
897 3736 935 3812 id,
951 3737 1030 3811 quod
1045 3736 1203 3793 memoriae
1215 3736 1366 3792 mandavit
1379 3736 1435 3791 Po-

207 3836 345 3893 LnrtctJS,
357 3822 482 3891 caron„
493 3825 516 3896 1,
529 3837 590 3897 170,
601 3842 668 3881 curn
682 3835 784 3895 ageret
796 3826 833 3881 de
846 3828 936 3883 rebus
949 3828 1027 3897 1546:
1041 3826 1237 3899 «Quamvis...
1251 3842 1327 3898 quae
1337 3824 1374 3879 ad
1385 3824 1436 3880 So-

208 3902 348 3969 cietatem
361 3921 392 3969 et
405 3912 441 3969 ad
454 3912 511 3970 alia
525 3913 572 3986 pia
591 3930 679 3987 opera
697 3922 781 3971 extra
798 3916 878 3973 illam
894 3915 1095 3989 pertinebant,
1107 3916 1218 3971 Romae
1231 3920 1436 3983 tractarentur,

208 4000 419 4075 applicationes
429 4002 577 4059 redituum
587 4002 856 4061 ecclesiasticorum
866 4012 896 4060 et
906 4004 1075 4077 hujusmodi
1085 4003 1299 4075 negotia,quae
1309 4017 1368 4057 non
1378 3993 1437 4057 tam

210 4090 371 4163 spiritualia
380 4108 467 4163 quarn
478 4092 650 4164 temporalia
659 4092 827 4149 hominibus
837 4093 933 4149 videri
942 4095 1050 4163 solent,
1060 4093 1194 4163 ignatius
1203 4108 1259 4147 nec
1266 4108 1318 4163 per
1328 4108 1370 4159 ae,
1383 4106 1439 4146 nec

210 4196 263 4252 per
271 4187 386 4236 nostros
398 4180 510 4237 Romae
520 4180 671 4237 tractanda
681 4184 832 4239 censebat.
845 4183 934 4241 Unde
944 4199 1011 4240 cum
1021 4199 1059 4238 ex
1069 4180 1250 4253 Portugallia
1259 4179 1370 4254 aliquid
1380 4180 1438 4236 tale

210 4268 474 4339 commendaretur,
484 4269 514 4325 in
524 4286 592 4325 eum
599 4271 649 4343 qui
657 4271 750 4342 Regis
757 4272 877 4343 negotia
886 4273 1068 4343 gerebat,ab
1078 4270 1142 4344 ipso
1149 4270 1341 4343 Regenortra
1351 4268 1440 4325 etiam

211 4358 371 4430 rejicienda
383 4358 586 4428 admonuerat;
600 4360 763 4433 spiritualia
777 4363 856 4417 enirn
870 4361 977 4416 decere
990 4369 1118 4432 nostros,
1132 4360 1304 4432 temporalia
1316 4376 1398 4427 vero,
1408 4360 1439 4414 li·

211 4459 259 4502 cet
272 4448 393 4503 maximi
406 4449 557 4518 momenti,
573 4466 631 4505 non
641 4449 780 4505 decorum
791 4450 916 4521 servari,
925 4449 951 4504 si
964 4468 1016 4522 per
1029 4468 1083 4505 nos
1095 4458 1279 4521 gererentur,
1291 4449 1440 4504 existima-

212 4537 292 4591 bat.»
306 4536 353 4593 Cf.
375 4536 462 4609 epist.
483 4552 500 4607 4
516 4534 694 4593 Novembris
714 4550 794 4609 1545,
813 4538 849 4593 ad
867 4538 1065 4611 Portugalliae
1083 4555 1195 4611 regem,
1216 4550 1246 4592 21
1263 4538 1441 4593 Novembris

211 4624 346 4697 ejusdem
356 4625 426 4681 anni
436 4625 472 4681 ad
482 4626 681 4697 Roderieium,
693 4636 724 4683 et
734 4641 768 4683 22
779 4629 934 4685 Februarii
946 4630 1014 4699 1546
1026 4628 1063 4685 ad
1077 4628 1225 4685 Andream
1238 4627 1439 4700 Lipomanurn.

265 4718 278 4750 ⁸
315 4714 439 4787 Nomen,
451 4715 529 4789 quod
542 4717 590 4772 hic
602 4714 797 4799 desideratur,
811 4717 890 4775 Patri
901 4718 1007 4775 Pontio
1016 4718 1193 4790 Cogordano
1204 4717 1367 4773 convenire
1380 4717 1442 4771 exi·

347 4811 452 4857 1101101.
469 4812 687 4869 Icanr.-Errar.,
703 4824 763 4858 1011.
780 4814 802 4858 1.
1280 4815 1308 4857 22
