3625 5400
591 517 694 571 Errsr.
715 513 851 571 228.-³20
869 514 1058 574 Novausnrs
1079 527 1146 585 1547
1388 511 1441 582 643

205 666 208 673 ’
245 689 394 756 operum
411 665 563 733 omniurn
578 678 612 733 et
628 666 824 735 meritorum
837 667 941 753 hujus
956 666 1139 737 Societatis
1154 669 1269 735 faeere
1284 686 1474 753 possemus,

250 804 373 852 verum
389 794 428 848 vt
450 782 653 867 quibusdam
675 804 718 849 ex
736 782 798 864 eis,
817 784 876 869 qui
896 784 940 850 ad
967 786 1033 851 hoc
1055 782 1169 851 idonei
1196 781 1404 862 viderentur,
1424 783 1472 847 sa-

248 898 411 976 cultateS,
440 896 580 984 gratias,
610 897 915 985 auctoritatemque
942 920 1091 979 omnem,
1120 899 1164 964 ab
1191 897 1377 984 apostolica
1395 898 1478 965 sede

255 1012 336 1079 huic
350 1011 515 1082 Societati
526 1033 737 1093 concessam,
756 1012 792 1079 in
808 1024 880 1081 toto
895 1013 951 1081 vel
965 1012 1000 1079 in
1017 1025 1126 1099 parte,
1140 1012 1280 1100 perinde
1304 1012 1384 1079 acsi
1398 1033 1476 1099 pro-

146 1174 150 1183 ·
254 1128 337 1198 fessi
352 1140 479 1207 essent,
498 1126 750 1196 communicare
767 1129 953 1195 valeamus.

323 1243 411 1310 Cum
427 1263 512 1327 ergo
539 1243 658 1311 eadem
681 1264 745 1309 nos
761 1242 835 1311 sitis
862 1252 983 1330 vrgeat
1006 1242 1113 1309 diuini
1140 1244 1279 1311 honoris
1299 1263 1339 1308 ac
1360 1242 1479 1309 salutis

248 1358 457 1439 animarum,
479 1357 536 1425 cui
562 1368 597 1425 et
623 1358 854 1445 operariorum
882 1358 981 1445 copia
1008 1370 1043 1427 et
1068 1359 1267 1435 eorumdem
1294 1356 1478 1425 auctoritas

255 1473 341 1561 (istis
351 1474 514 1561 precipue
525 1473 561 1541 in
572 1474 667 1554 locis,
680 1472 716 1539 in
729 1464 854 1560 quibus
865 1474 1023 1559 versaris)
1038 1485 1090 1541 est
1102 1473 1366 1561 pernecessaria
1381 1495 1479 1540 curn-

257 1610 323 1673 que
338 1588 520 1675 plurimum
536 1588 572 1655 in
598 1588 745 1657 Domino
773 1590 984 1656 confidamus
1000 1590 1092 1674 quod
1109 1601 1146 1656 tu
1167 1588 1371 1656 christianae
1386 1588 1478 1655 vitae

248 1706 411 1791 exemplo
426 1716 462 1772 et
478 1704 532 1790 pia
547 1715 650 1789 atque
672 1703 840 1772 catholica
863 1704 1018 1772 doctrina
1033 1704 1183 1772 diuinam
1205 1704 1348 1791 gloriam
1364 1702 1479 1790 proxi-

255 1841 460 1904 morumque
474 1818 683 1906 spin‘tualem
710 1821 900 1906 profectum
921 1817 967 1887 sis
993 1830 1226 1906 promoturus;
1249 1817 1429 1886 statuimus
1445 1818 1480 1883 in

257 1936 377 2003 eodem
397 1934 535 2001 domino
554 1917 671 2002 nostro
688 1938 773 2023 Jesu
795 1937 885 2022 Xp0.
905 1946 938 2002 te
960 1934 997 2001 in
1016 1936 1248 2021 coadjutorem
1271 1933 1479 2021 spiritualem

256 2050 352 2117 iuxta
367 2049 627 2117 constitutiones
642 2048 823 2119 Societatis
835 2049 1026 2132 admittere,
1041 2050 1171 2135 tibique
1182 2048 1332 2116 omnium
1349 2057 1385 2116 et
1396 2069 1478 2135 ope-
1548 2136 1552 2144 ,

260 2187 334 2232 rum
350 2175 386 2233 et
401 2163 597 2231 meritorum
617 2163 922 2251 participationem,
940 2167 1002 2234 sed
1016 2175 1051 2231 et
1066 2164 1255 2252 gratiarum
1279 2185 1319 2231 ac
1336 2164 1481 2230 faculta-

260 2294 334 2347 tum
350 2279 630 2365 auctoritatisque
647 2280 757 2347 omnis
773 2280 883 2350 eidem
899 2291 1035 2348 nostrae
1057 2279 1220 2351 Societati
1236 2299 1297 2366 per
1317 2279 1480 2367 prepositi

257 2396 366 2483 ipsius
380 2394 677 2483 dispensationem,
707 2417 728 2462 a
753 2398 834 2465 sede
857 2395 1041 2483 apostolica
1067 2417 1262 2478 concessae,
1285 2393 1478 2482 priuilegia,

257 2512 426 2593 conterre3
445 2522 483 2576 vt
498 2510 546 2580 eis
562 2512 605 2577 ad
620 2510 893 2594 edifficationem,
912 2533 982 2578 non
997 2513 1040 2579 ad
1056 2509 1337 2588 destructionem,
1360 2488 1484 2577 viarisj

328 2628 432 2714 Quod
447 2638 485 2693 vt
499 2635 533 2694 et
546 2625 607 2693 tibi
621 2637 657 2696 et
672 2625 746 2694 aliis
761 2626 927 2694 rationem
949 2626 1167 2715 exigentibus
1186 2623 1314 2695 certius
1334 2633 1481 2704 constet,

253 2744 364 2812 ‘has'ce
377 2743 519 2823 litteras,
538 2765 613 2810 mea
627 2741 877 2830 subscriptione
893 2753 928 2811 et
940 2743 1121 2811 Societatis
1135 2742 1248 2830 sigillo
1262 2743 1377 2821 saltas,
1390 2740 1481 2809 dedi.

328 2861 458 2927 Romae
475 2880 563 2924 anno
578 2857 716 2925 Domini
737 2858 916 2926 millesimo
931 2859 1206 2946 quingentesimo
1221 2857 1483 2943 quadragesimo

261 2975 420 3061 septimo,
437 2972 641 3042 duodecimo
657 2974 820 3040 kalendas
835 2973 1047 3041 Decembris.

1093 3089 1321 3178 [lauarmsb

329 3207 372 3271 In
388 3207 497 3271 attera
508 3205 657 3291 pagina.
690 3206 744 3270 Do
773 3206 812 3271 Ρ.
832 3204 965 3291 Ignatio
989 3216 1042 3291 p.⁸
1057 3207 1102 3270 ho
1119 3206 1159 3271 P.
1186 3203 1292 3270 micer
1309 3204 1416 3270 Paulo
1429 3224 1483 3268 ser

255 3321 440 3390 coadiutor
455 3319 620 3406 spiritual.
645 3335 742 3403 1547.

330 3437 448 3503 Manat
462 3457 542 3502 cera
556 3435 665 3500 rubra
682 3437 807 3522 sigilli.

839 3581 915 3661 22ss

476 3710 633 3779 PATRI
671 3711 962 3779 ALPHONSO
995 3712 1269 3779 CYPRlANO

637 3855 725 3899 noun
744 3857 779 3898 20
797 3855 978 3899 uovauams
999 3854 1067 3912 1547
1087 3843 1107 3897 ¹.

258 3957 452 4031 *Cypriacam
461 3956 597 4012 admittit
606 3957 747 4028 [gnatius
756 3957 791 4010 in
800 3958 937 4029 gradum
948 3955 1132 4027 coadjutoris
1144 3933 1326 4028 spiritualis,
1336 3958 1486 4042 eumdem·-

318 4065 373 4118 qua
382 4046 562 4120 gratiarum
572 4063 608 4101 ac
620 4045 803 4113 facultatum
817 4047 954 4101 omnium
965 4046 1123 4101 Societalis
1131 4048 1313 4118 participem
1320 4047 1403 4120 facit
1411 4050 1434 4102 ¹.

321 4253 328 4286 ¹
366 4253 411 4306 Ex
423 4249 524 4306 codice
538 4249 656 4304 Deerat.
670 4253 698 4304 et
707 4249 807 4315 instr,
820 4247 870 4303 fol.
886 4261 950 4318 247,
963 4265 1063 4321 apogr.

319 4347 330 4377 ¹
369 4340 395 4395 Α
408 4337 650 4412 praecedentibus
663 4336 780 4408 litteris,
794 4335 826 4390 Ρ.
842 4337 972 4392 Camerti
984 4337 1072 4409 datis,
1086 4338 1131 4394 his
1149 4347 1263 4395 tantum
1281 4339 1397 4396 duobus
1413 4341 1487 4397 locis

258 4429 376 4486 differt:
391 4428 494 4500 primo;
508 4425 603 4496 initio,
616 4427 668 4480 ubi
679 4425 751 4481 dicit
764 4425 841 4480 ofilio
854 4426 973 4494 Paulo»,
987 4428 1095 4498 legitur
1108 4427 1185 4483 atilio
1198 4428 1364 4501 Ciprianoa.
1379 4430 1487 4485 Secun-

266 4521 314 4592 do,
330 4521 387 4575 sub
399 4518 497 4584 finem,
512 4515 562 4571 ubi
574 4514 655 4570 dicit:
669 4523 718 4570 avt
731 4514 809 4570 eis...
823 4515 943 4585 utaris»,
956 4515 1063 4572 dicitur
1077 4525 1126 4573 avt
1139 4517 1194 4584 eis,
1208 4518 1244 4573 ad
1263 4517 1488 4575 edifficationem

267 4626 328 4664 non
341 4607 378 4663 ad
390 4605 630 4673 destructionem,
644 4603 765 4676 perinde
778 4612 810 4659 vt
823 4603 947 4675 professi
961 4607 1066 4674 solent,
1082 4607 1201 4662 vteris».

512 4703 523 4735 ἱ
