3625 5400
405 449 459 521 536
782 450 990 508 Mortuum
1008 451 1186 529 lassamus

901 622 905 626 ’
951 608 1014 688 179

482 718 642 804 ‘PATER
661 738 876 826 JOANNES
895 713 1210 807 DE'POLANCO
1236 740 1297 805 ex
1321 739 1475 824 corcy.

603 874 605 878 ’
696 850 926 908 UNIVERSAE
944 848 1155 911 socmTATI
1175 853 1269 925 JESU

799 963 887 1007 aon
907 963 945 1018 27
960 963 1038 1022 sucu
1059 947 1126 1022 15'47
1147 951 1166 1020 ¹,

362 1068 499 1137 Joaanes
510 1069 547 1122 de
560 1056 897 1141 Polanco,'cm1stitutus
909 1067 946 1122 ab
955 1068 1082 1141 ‚Ignatto
1094 1069 1275 1124 secretarius
1288 1068 1454 1133 Societatis,
1472 1067 1598 1122 maerori

420 1157 570 1226 scribendi
581 1158 623 1211 ad
634 1156 751 1211 sodates
762 1157 990 1227 satisfacturus,
1004 1157 1153 1226 utilitates
1164 1161 1334 1222 enumerat,
1348 1174 1424 1229 quae
1436 1175 1472 1214 ex
1488 1161 1595 1211 mutuo

422 1245 598 1322 litterarum
610 1246 786 1319 commercio
798 1246 832 1300 in
845 1245 1021 1300 universam
1035 1233 1221 1310 Societatem,
1236 1244 1270 1300 in
1286 1247 1379 1301 socios
1394 1245 1531 1319 singulos
1549 1250 1595 1299 at-

388 1344 391 1352 '
420 1352 477 1406 que
489 1336 524 1389 ia
536 1336 616 1406 ipsos
626 1337 780 1405 proximos
791 1337 985 1406 externosque
997 1337 1080 1390 viros
1091 1335 1284 1390 redundant.-

918 1459 1026 1591 Yhsss.

386 1699 390 1706 -
436 1651 486 1717 La
501 1649 658 1734 graciay
673 1669 769 1714 amor
785 1649 828 1715 de
845 1649 922 1715 Iesu
938 1645 1002 1716 ΧΗ
1026 1647 1105 1717 viua
1121 1648 1267 1734 siempre
1282 1671 1326 1716 en
1343 1659 1500 1717 nuestras
1519 1649 1595 1716 ani·

371 1787 458 1847 mas,
476 1787 497 1851 y
513 1787 554 1837 se,
567 1775 775 1832 muestre'en
792 1776 950 1832 nuestras
966 1765 1078 1831 obras.
1098 1767 1222 1834 Amen.

389 1944 393 1954 ,
438 1884 523 1966 Muy
538 1881 626 1948 Rdo,
645 1902 687 1947 en
705 1881 781 1946 Iesu
798 1881 863 1946 X.⁰
880 1880 1003 1947 Padre.
1022 1882 1173 1964 Aunque
1189 1881 1232 1947 de
1246 1879 1335 1947 vi'sta
1352 1903 1396 1946 no
1412 1901 1476 1966 aya
1488 1901 1597 1946 cono-

371 1997 534 2074 oimiento
551 1998 596 2063 de
610 2001 678 2062 νήει
694 2006 791 2082 parte
808 1996 844 2061 ni
859 1997 903 2062 de
919 1999 1149 2076 otra,·rnuch0
1163 1997 1290 2082 tiempo
1303 1999 1347 2064 ha
1360 2017 1427 2082 que
1438 2017 1492 2064 me
1505 1995 1598 2064 tiene

371 2115 642 2180 estrechamente
654 2113 802 2196 juntado
817 2133 883 2179 con
904 2113 947 2178 V.
972 2114 1013 2178 R.
1033 2114 1116 2199 Jesu
1137 2115 1202 2179 X.⁰
1226 2123 1368 2180 nuestro
1393 2113 1550 2180 redentor
1575 2135 1598 2197 y

372 2223 485 2307 senor,
504 2227 691 2315 apretando
706 2228 738 2292 el
755 2228 892 2294 vinculo
906 2227 951 2293 de
970 2228 1003 2293 la
1023 2227 1184 2294 oharidad
1206 2233 1342 2308 comtm,
1361 2247 1510 2312 conque
1532 2247 1598 2293 nos

372 2367 440 2412 vne
456 2367 499 2412 en
516 2348 544 2409 si
557 2364 699 2424 mesmo,
713 2361 812 2407 como
824 2341 1007 2409 miembros
1018 2344 1062 2410 de
1077 2363 1118 2410 su
1135 2364 1273 2429 euerpo,
1292 2363 1357 2409 con
1370 2354 1445 2408 otro
1457 2348 1530 2408 mas
1541 2347 1597 2407 in-

375 2459 458 2526 timo
473 2459 529 2526 del
544 2480 674 2527 mesmo
691 2458 848 2524 instituto
862 2459 906 2525 de
922 2457 1013 2538 vida,
1031 2481 1053 2543 y
1069 2458 1120 2524 los
1136 2479 1283 2525 mesmos
1300 2458 1490 2544 propositos
1501 2480 1524 2544 y
1535 2459 1600 2525 de-

271 2651 274 2654 ,
373 2597 452 2644 seos
468 2576 512 2641 de
527 2595 571 2641 en
587 2574 619 2640 el
635 2576 815 2669 buscartsu
831 2596 950 2659 mayor
971 2571 1116 2641 seruieio
1138 2597 1161 2659 y
1182 2573 1301 2660 gloria.
1328 2575 1359 2640 Y
1384 2577 1433 2640 asi
1454 2595 1500 2639 no
1523 2579 1600 2640 sera

376 2695 479 2757 razon
496 2710 562 2775 que
575 2701 622 2775 'yo
639 2711 694 2758 me
715 2701 820 2776 t'enga
840 2691 928 2757 nada
949 2712 1010 2776 por
1030 2700 1179 2771 estraflO,
1205 2695 1226 2757 ὁ
1249 2710 1370 2759 escuse
1392 2710 1491 2755 como
1512 2710 1604 2775 poco

374 2805 542 2872 conoeido
559 2828 640 2891 para
656 2804 777 2872 scriuir
793 2812 812 2871 a
829 2808 873 2874 V.
891 2808 948 2885 R„
966 2827 1052 2892 pues
1063 2828 1119 2873 me
1130 2808 1175 2872 ha
1188 2807 1231 2872 de
1243 2817 1340 2875 tener
1352 2828 1413 2893 por
1425 2827 1505 2873 cosa
1517 2826 1601 2890 muy

374 2942 461 3005 suya
476 2944 519 2989 en
531 2924 616 3009 Jesu
632 2920 696 2987 X.⁰
712 2930 814 2987 senor
828 2932 987 3003 nuestr03
1007 2928 1135 3007 quanto
1157 2928 1230 2988 mas
1249 2942 1317 3006 que
1333 2942 1393 3008 por
1409 2936 1484 2988 otra
1504 2931 1601 3007 parte

374 3038 407 3104 la
424 3036 617 3104 obedientia
628 3058 684 3105 me
695 3042 824 3103 sacaria
835 3036 933 3105 desta
945 3014 1089 3123 trabaj0‚
1108 3058 1169 3123 por
1181 3038 1309 3122 laqual
1320 3040 1365 3105 he
1377 3036 1598 3121 comeneadO,

375 3176 398 3239 y
414 3154 519 3219 habre
535 3154 578 3218 de
593 3137 780 3225 exeitarme
796 3174 877 3237 para
892 3152 1050 3221 adelante
1066 3153 1143 3239 (con
1160 3154 1192 3219 la
1205 3154 1316 3238 ayuda
1328 3175 1351 3238 y
1364 3155 1461 3219 fauor
1472 3151 1602 3236 diuino)

375 3292 419 3336 en
435 3268 546 3335 seruit
561 3274 580 3334 a
596 3271 638 3337 V.
656 3270 707 3335 Κ·
716 3290 739 3354 y
754 3270 806 3333 los
822 3280 915 3335 otros
932 3269 1035 3336 Rdos.
1053 3270 1181 3336 Padres
1193 3274 1279 3335 mios
1291 3292 1314 3354 y
1326 3240 1510 3336 hermanos⁰
1518 3270 1602 3333 cha-

376 3385 526 3451 rissimos
542 3406 585 3451 en
602 3385 747 3487 esto‘del
764 3384 916 3453 escribir.

443 3502 473 3566 Y
490 3521 629 3585 auoque
645 3521 727 3585 para
742 3501 775 3566 lo
790 3522 878 3586 poco
895 3522 962 3585 que
977 3522 1021 3585 yo
1037 3521 1099 3585 soy
1114 3522 1137 3585 y
1157 3501 1272 3585 volgo,
1294 3524 1317 3587 y
1340 3522 1422 3586 para
1444 3501 1475 3567 el
1498 3501 1603 3569 deseo

376 3637 443 3700 que
458 3616 543 3681 Dios
558 3636 614 3683 me
629 3617 673 3681 ha
688 3616 778 3681 dado
789 3617 831 3682 de
847 3614 988 3683 seruire
1003 3638 1043 3683 su
1061 3614 1177 3682 diuina
1193 3626 1374 3701 magestat‚
1389 3616 1603 3683 seruiendoa

377 3752 437 3797 sus
453 3730 587 3797 sieruos
602 3750 646 3796 en
662 3740 736 3798 esta
752 3731 958 3817 Campania,
977 3741 1052 3796 otro
1066 3730 1245 3815 qualquier
1257 3730 1368 3797 officio
1380 3732 1423 3797 de
1435 3732 1486 3797 los
1497 3732 1604 3797 baxos

378 3847 479 3915 debia
495 3868 619 3931 pensat
636 3868 691 3913 me
706 3846 855 3913 viniesse
871 3849 970 3913 harto
986 3849 1109 3927 ancho,
1124 3868 1186 3933 soy
1197 3868 1241 3913 en
1254 3846 1445 3932 obligacion
1459 3845 1605 3933 especial

379 3970 556 4031 anuestro
573 3983 616 4029 en
628 3964 713 4051 Jesu
730 3961 794 4029 X.⁰
812 3964 922 4030 Padre
938 3965 1039 4029 Mtro.
1058 3962 1210 4049 Ignaci0,
1225 3984 1292 4048 que
1304 3986 1359 4031 me
1372 3964 1415 4029 ha
1426 3972 1548 4049 puesto
1560 3984 1604 4030 en

378 4089 452 4146 este
469 4080 524 4145 del
539 4076 681 4143 escribir
696 4078 722 4159 ';
735 4099 877 4164 parque,
893 4078 1132 4163 ayudandome
1144 4080 1194 4145 las
1210 4077 1385 4145 oraciones
1402 4079 1445 4147 de
1462 4080 1505 4145 V.
1524 4079 1566 4144 R.
1581 4100 1604 4161 y

434 4321 441 4349 ¹
480 4321 524 4374 Ex
537 4319 714 4375 adversariis
727 4320 758 4375 in
770 4320 872 4376 codice
886 4320 983 4394 Epist.
1000 4322 1137 4385 Potaaci,
1151 4315 1169 4375 3
1182 4321 1225 4392 ff„
1239 4339 1268 4377 n.
1283 4320 1311 4392 8,
1322 4322 1402 4393 prius
1412 4319 1541 4375 360-362.
1554 4321 1605 4377 Ul·

380 4408 453 4462 tima
465 4416 578 4463 tantum
592 4412 683 4464 verba
696 4409 816 4465 Polanci
829 4427 917 4465 manu
930 4418 1048 4466 exarata
1061 4418 1140 4465 sunt.

434 4502 444 4530 ¹
482 4498 524 4553 Ut
536 4515 624 4570 saepe
637 4498 777 4566 diximus,
790 4500 821 4553 in
834 4501 930 4554 locum
941 4498 1156 4555 Bartholomaei
1167 4498 1299 4554 Ferronii
1308 4516 1385 4555 anno
1397 4511 1464 4568 1547
1478 4500 1606 4570 Joannes

381 4584 525 4640 Polancus
538 4587 692 4658 suffectus,
704 4588 803 4659 coepit
815 4589 852 4642 ab
865 4588 997 4660 epistolis
1009 4596 1040 4643 et
1053 4589 1176 4643 secretis
1187 4589 1218 4643 S.
1232 4588 1379 4659 Ignatium
1386 4588 1500 4659 juvare:
1508 4598 1605 4661 'cquae

380 4692 470 4730 onera
484 4682 514 4730 et
527 4675 583 4729 alia
596 4678 741 4748 permulta
754 4694 812 4732 non
824 4676 861 4731 ad
875 4678 965 4733 breue
980 4684 1106 4748 tempus,
1121 4677 1174 4733 sed
1186 4692 1279 4733 annos
1292 4678 1431 4749 plurimos
1450 4666 1522 4732 roira
1539 4693 1606 4732 con·
1720 4715 1723 4723 ·
