3625 5400
618 481 723 536 Ensr.
743 478 860 547 64.-15
880 479 1010 534 Annius
1031 477 1099 548 1543
1382 493 1434 551 255

242 643 374 718 quanto
389 655 453 700 nos
468 643 616 699 estorva.
640 633 720 698 Assi
742 629 952 716 padeciendo
968 642 982 670 ²
997 629 1186 699 contrarios
1207 634 1347 700 effectos
1375 656 1418 702 en
1439 636 1472 700 la

243 747 359 826 tierra,
378 750 410 814 la
426 739 538 815 anima
554 746 744 826 elucidada,
762 745 852 830 ydel
868 751 962 812 rocio
974 757 1091 813 eterno
1104 746 1308 828 clarificada,
1322 769 1412 835 pone
1429 772 1470 815 su

239 864 325 930 nido
347 886 389 930 en
413 864 496 944 alto,
513 885 537 949 y
553 863 634 928 todo
649 883 690 927 su
707 862 811 928 deseo
827 881 871 926 en
887 883 932 927 no
956 863 1077 929 desear
1091 873 1167 929 otro
1188 885 1256 947 que
1277 863 1428 946 Christo,
1448 889 1470 951 y

241 980 343 1063 aquei
358 979 534 1058 crucifixo,
552 998 682 1064 porque
698 997 741 1043 en
762 988 835 1045 esta
856 975 935 1042 vida
955 977 1173 1058 crucifieado,
1197 984 1217 1044 a
1236 979 1268 1045 la
1289 991 1365 1045 otra
1384 983 1469 1048 suba

242 1096 447 1163 resucitado.
466 1097 500 1161 A
515 1094 620 1178 quien
642 1113 721 1159 ceso
742 1093 910 1177 rogando,
933 1115 957 1178 y
977 1114 1020 1160 en
1038 1093 1118 1159 todo
1135 1093 1338 1179 suplicando
1359 1117 1421 1181 por
1438 1097 1470 1162 la

241 1233 284 1277 su
300 1209 431 1277 infinita
445 1233 468 1296 y
483 1231 615 1275 summa
631 1208 780 1286 bondad,
804 1229 866 1273 nos
887 1207 1005 1291 quiera
1024 1207 1085 1274 dar
1101 1229 1142 1274 su
1163 1208 1283 1294 gracia
1296 1211 1469 1296 cumplida

243 1348 326 1412 para
344 1347 411 1410 que
434 1347 475 1393 su
502 1323 715 1392 sanctissima
741 1324 906 1390 voluntad
933 1323 1148 1409 sintamoS,y
1173 1326 1306 1410 aquella
1333 1335 1470 1394 eterna-

244 1453 359 1510 mente
373 1441 389 1481 ¹³
404 1443 437 1508 la
459 1443 683 1526 cumplamos

310 1560 364 1626 De
379 1561 501 1638 Roma,
520 1573 561 1640 25
578 1567 591 1596 ⁶
606 1557 651 1625 de
667 1556 766 1624 Abril
781 1557 824 1623 de
841 1572 936 1639 1543.

311 1676 364 1740 De
380 1673 423 1738 V.
443 1674 484 1740 E.
502 1671 715 1757 humilimoy
731 1681 896 1756 perpetuo
913 1670 1027 1738 sieruo
1042 1693 1086 1738 en
1103 1672 1135 1739 el
1146 1672 1257 1740 Senor
1268 1687 1421 1752 nuestr0,

1029 1827 1036 1852 t
1101 1787 1290 1856 laurent.

316 1904 509 1988 Inscriptio.
529 1903 635 1970 Carta
651 1924 732 1988 para
751 1901 896 1968 Escanio
913 1903 939 1968 ⁵.

832 2040 885 2119 64

611 2170 842 2239 EPISCOPO
866 2169 1104 2238 BISINIANO

653 2298 741 2340 noun
763 2296 795 2352 15
814 2297 934 2340 narnus
956 2283 1024 2353 154³
1042 2287 1062 2339 ¹.

397 2385 493 2438 Pater
506 2385 665 2447 Araozius,
681 2383 841 2452 Neapolim
857 2382 1059 2456 proficiscens,
1078 2385 1317 2438 commendatur.

824 2482 893 2546 Ihs.

315 2599 364 2663 La
379 2619 509 2663 somma
525 2595 636 2681 gratia
652 2607 686 2662 et
701 2606 820 2662 eterno
836 2617 951 2662 amore
967 2597 1009 2662 de
1027 2596 1167 2664 Christo
1179 2600 1223 2664 N.
1243 2599 1279 2666 S.
1298 2621 1318 2664 a
1334 2600 1377 2664 V.
1397 2598 1470 2667 8³³²

251 2714 361 2779 salute
376 2722 412 2779 et
426 2712 538 2781 visite.

314 2828 469 2925 Diamolti
485 2829 596 2914 giorni
608 2829 768 2895 hauendo
779 2828 890 2895 inteso
903 2829 936 2895 la
948 2829 1052 2895 molta
1064 2828 1243 2913 affectione
1255 2841 1396 2915 paterna
1408 2832 1471 2897 che

248 2945 291 3008 V.
307 2942 379 3011 8³³²
394 2942 471 3009 auia
487 2954 624 3011 ostenso
636 2966 736 3011 verso
748 2946 850 3011 Mtr0.
865 2942 987 3010 Nicola
999 2942 1186 3023 Bobadilla,
1201 2946 1269 3011 mio
1286 2944 1390 3011 charo
1404 2947 1473 3011 fra-

249 3059 328 3126 tello
343 3070 377 3123 et
393 3060 437 3123 de
452 3058 485 3124 la
499 3058 713 3145 Compagnia
729 3071 856 3136 nostra,
877 3058 1092 3125 trouandomi
1109 3080 1168 3144 per
1185 3080 1247 3125 sua
1262 3080 1367 3127 eausa
1389 3059 1423 3126 in
1441 3062 1472 3126 la

248 3174 450 3240 medessima
461 3173 669 3259 obligatione
681 3184 716 3241 et
729 3173 902 3258 reciproca
914 3173 1104 3251 affectione,
1120 3174 1165 3239 mi
1178 3197 1199 3240 a
1211 3196 1309 3261 parso
1321 3174 1471 3243 scribere

247 3300 379 3373 questa,
397 3290 543 3356 essendo
560 3288 583 3353 il
598 3288 686 3375 ch[e]
703 3290 734 3354 la
750 3300 908 3372 presente
929 3290 1005 3354 leua
1026 3288 1050 3353 il
1069 3288 1248 3356 licenciato
1271 3292 1396 3373 Araoz,
1422 3291 1471 3356 asi

250 3421 461 3429 u———a—.—-—

299 3492 312 3519 ι
331 3475 506 3546 pareciendo
515 3476 605 3529 aller.
617 3475 797 3547 exemplum.
835 3478 885 3517 -b
905 3476 1018 3547 aquella
1029 3448 1230 3530 enteramente
1241 3478 1331 3531 ulter.
1344 3478 1470 3549 exempl.

247 3577 296 3607 -ο
316 3577 348 3632 15
360 3565 450 3619 oller.
465 3564 590 3633 exempl.
630 3566 678 3606 —d
698 3564 900 3618 Desideralur
913 3564 1090 3636 subscriptio
1106 3565 1140 3619 in
1158 3565 1247 3621 altar.
1265 3568 1392 3637 exempl.

300 3717 311 3747 ³
348 3714 406 3770 Hic
418 3723 481 3770 erat
494 3716 639 3770 Ascanius
653 3714 808 3783 Columna,
821 3715 880 3769 dux
893 3714 1015 3772 Balliani
1029 3725 1060 3769 et
1074 3716 1279 3795 Tagliaeozzii,
1301 3717 1473 3772 comestabi-

248 3804 284 3859 lis
305 3805 390 3876 regni
408 3804 597 3876 neapolitani,
618 3804 745 3859 Fabricii
767 3802 929 3859 Columnae
942 3804 1030 3873 filius3
1049 3804 1099 3877 qui
1122 3823 1159 3859 ex
1182 3806 1295 3875 Joanna
1314 3807 1472 3875 Aragonia,

247 3908 338 3948 uxore
355 3910 419 3964 sua,
432 3894 562 3965 suscepit
585 3894 714 3947 Marcum
736 3893 896 3949 Antonium
915 3892 1098 3963 Columnam,
1114 3894 1256 3949 victorem
1269 3910 1336 3949 cum
1359 3896 1472 3965 Joanne

247 3983 284 4036 ab
297 3981 417 4037 Austria
427 3982 464 4036 de
478 3991 624 4037 turcarum
638 3983 732 4036 classe
746 3982 783 4036 ad
796 3981 907 4037 insulas
922 3981 1117 4037 Aechinadas

196 4084 199 4089 ·
302 4076 309 4105 ¹
348 4071 392 4124 Ex
404 4073 467 4125 cod.
489 4070 600 4134 Vitell„
615 4087 715 4141 apogr.
731 4069 817 4125 unico
829 4070 909 4133 folio,
926 4088 955 4125 n.
971 4068 1032 4141 278,
1047 4070 1139 4141 prima
1151 4070 1259 4143 pagina
1271 4088 1329 4125 non
1347 4088 1470 4141 numer,

247 4160 337 4215 altera
349 4176 379 4215 n.
394 4172 421 4228 5.
436 4158 523 4214 Initio
536 4160 678 4231 epistolae
691 4158 744 4226 276
755 4160 811 4214 hoc
824 4160 932 4229 legitur
946 4158 1155 4213 testimonium:
1172 4159 1246 4213 «Las
1257 4168 1316 4215 tres
1330 4168 1425 4215 cartas
1435 4161 1472 4215 si-

246 4250 383 4320 guientee
395 4249 471 4319 [soil.
484 4266 559 4321 quae
571 4250 681 4303 habent
694 4266 744 4303 nn.
759 4248 822 4316 276,
835 4261 888 4317 277
898 4256 929 4303 et
943 4248 1005 4319 278]
1019 4251 1102 4303 eston
1115 4266 1152 4302 en
1171 4249 1394 4320 Naualearnero,
1410 4248 1474 4323 qui·

246 4338 328 4393 tadns
341 4341 384 4394 las
400 4337 508 4405 firmas,
523 4354 578 4392 con
596 4356 635 4391 vn
653 4337 820 4392 testimonio
837 4336 885 4391 del
900 4338 932 4391 P.
947 4338 1132 4391 Bartholome
1145 4338 1248 4407 Perez,
1264 4355 1321 4411 que
1339 4339 1470 4393 dicensi:

247 4428 331 4482 Estas
353 4437 414 4482 tres
435 4435 530 4482 cartas
552 4430 631 4482 tome
653 4442 702 4497 yo,
726 4425 829 4480 siendo
849 4426 1025 4497 prouincial,
1048 4425 1085 4480 de
1108 4427 1151 4481 los
1173 4429 1292 4499 papeles
1317 4444 1375 4499 que
1396 4427 1473 4483 dexo

246 4517 361 4589 quando
374 4514 468 4571 mario
481 4517 508 4570 el
522 4516 555 4569 P.
574 4514 790 4585 Ribadeneyra;
809 4532 829 4585 y
846 4515 982 4586 despuas,
1003 4514 1106 4570 aiendo
1123 4524 1220 4571 rector
1236 4516 1273 4571 de
1291 4518 1401 4585 Alcala,
1417 4522 1473 4572 aito

247 4604 283 4660 de
298 4606 377 4674 1614,
389 4607 433 4660 las
450 4605 481 4659 di
499 4607 568 4676 par'a
585 4604 801 4659 Naualcarnero
817 4604 843 4657 al
863 4603 1032 4691 P4Andres
1046 4605 1181 4677 Aluarez,
1203 4622 1272 4677 para
1289 4623 1346 4678 que
1364 4606 1413 4660 alll
1431 4606 1474 4659 las

246 4710 389 4750 conserue
402 4701 486 4748 entre
500 4696 542 4749 las
556 4694 705 4766 reliquias.
719 4692 905 4748 Bartholome
917 4694 1038 4749 perez.»
