3625 5400
395 475 449 549 396
567 529 572 544 ,
771 477 977 534 Monuurnm
995 477 1176 534 isunnam

357 653 433 699 sam
445 642 480 701 et
495 629 684 698 ministrare
698 629 949 712 eucharistiam3
967 630 1127 698 ucetiam
1146 638 1285 716 propter
1304 627 1497 715 legitimum
1518 628 1582 694 im-

359 745 592 834 pedimentum
620 756 699 814 sunt
719 747 899 814 facultates
919 743 1149 831 anteponendi
1169 756 1204 813 et
1227 743 1454 831 postponendi
1479 747 1581 811 horas

356 863 542 932 canonicas
558 875 582 930 ⁰.
1459 851 1464 859 ’

427 980 554 1048 Romae
570 978 696 1068 6Junii
717 980 813 1064 1546.

1217 1093 1404 1162 lunarios.

428 1211 621 1297 Inscriptio.
640 1208 849 1278 Charissimo
865 1209 899 1276 in
915 1211 998 1277 Xto.
1017 1211 1111 1278 Dno.
1128 1207 1294 1295 magistro
1311 1210 1490 1277 Leonardo
1504 1207 1536 1275 ἃ.

941 1357 977 1437 12

589 1474 594 1546 '.
625 1487 773 1556 SOCIIS
796 1358 1095 1556 DEGENTiBUS
1119 1485 1313 1554 PARISIIS

783 1633 871 1676 noun
890 1621 931 1692 [ό]
948 1633 1028 1688 Junn
1049 1621 1118 1690 154⁶
1137 1625 1157 1676 ¹.

353 1735 424 1791 illis
436 1736 577 1810 Ignatius
589 1737 692 1792 scribit
703 1737 736 1792 in
749 1739 886 1794 eumdem
899 1755 1019 1793 serrsum
1030 1738 1195 1809 iisdemque
1205 1736 1302 1794 vorbis
1313 1735 1516 1810 (paucissimis
1524 1738 1581 1791 im-

537 1823 543 1838 ’
567 1825 718 1900 muratis),
732 1827 839 1900 quibus
851 1829 892 1882 ad
903 1827 1084 1883 colonienses
1095 1829 1187 1882 socios
1198 1827 1371 1899 scripserat.

956 1953 974 2005 †

928 2010 1004 2096 Jhs·
1062 2083 1067 2102 .

426 2137 578 2225 Ignatius
601 2140 644 2208 de
671 2140 799 2222 Loiola,
825 2141 1039 2227 praepositus
1058 2139 1240 2209 societatis
1262 2143 1359 2228 Jesu,
1384 2137 1518 2205 dilectis
1544 2137 1580 2203 in

358 2254 447 2338 Xp0.
465 2253 652 2322 scolaribus
668 2256 819 2340 ejusdem
833 2254 1025 2338 Societatis‚
1043 2255 1199 2340 quisunt
1215 2253 1365 2334 Parisiis,
1383 2254 1527 2321 salutem
1543 2252 1577 2320 in

357 2367 506 2434 Domino
521 2368 761 2456 sempiternam
776 2382 802 2438 ⁸.
935 2415 940 2445 t

425 2481 489 2549 His
505 2482 625 2550 diebus
640 2484 879 2552 constituimus
894 2507 958 2552 nos
975 2496 1012 2552 ut
1027 2486 1143 2552 nullus
1157 2488 1283 2552 habeat
1294 2486 1492 2551 facultatem
1504 2484 1580 2550 illa-

355 2619 433 2664 rum
449 2598 648 2684 gratiarum,
667 2621 752 2685 quas
767 2601 1087 2690 comlmlisseramus
1102 2601 1175 2668 dari
1191 2624 1233 2668 ex
1248 2614 1344 2687 parte
1359 2611 1475 2668 nostra
1495 2609 1577 2679 etc,

356 2712 422 2780 nisi
438 2736 499 2800 per
514 2737 578 2782 nos
594 2715 786 2784 immediate
800 2718 970 2785 collatam.
986 2720 1115 2803 ltaque,
1130 2716 1229 2804 siqui
1245 2715 1326 2797 sint,
1345 2716 1403 2803 qui
1418 2716 1508 2783 illam
1528 2716 1579 2784 fa-

356 2830 519 2897 cultatem
534 2833 701 2898 hactenus
716 2834 923 2914 habuerunt,
941 2833 1015 2900 siue
1031 2855 1091 2920 per
1106 2854 1181 2913 nos
1195 2832 1269 2900 siue
1281 2855 1341 2918 per
1353 2830 1578 2898 ministerium

356 2942 522 3011 sotiorum
538 2956 574 3011 et
589 2946 824 3033 cujuscunque
840 2928 1052 3029 nostrorums
1066 2971 1119 3029 ea,
1137 2969 1243 3033 quum
1260 2946 1406 3034 primum
1417 2945 1431 2985 ¹³
1443 2947 1507 3013 has
1522 2945 1578 3011 lit-

357 3070 447 3126 teras
463 3060 665 3147 receperint,
684 3084 746 3148 pro
762 3062 867 3130 nihilo
883 3066 1061 3132 habeatur.

421 3177 709 3262 Quandoquidem
739 3190 853 3247 autem
884 3192 931 3264 te,
965 3182 1105 3249 Mtrum.
1138 3181 1283 3246 Paulum
1315 3175 1504 3247 Antonium
1534 3178 1579 3242 de

408 3360 420 3389 c
439 3346 476 3402 ln
488 3350 595 3421 apogr.
609 3348 772 3403 coloniensi
783 3350 827 3404 sic
844 3350 1031 3421 scripserunt
1043 3351 1198 3421 integram
1207 3351 1382 3421 periodum:
1394 3346 1433 3403 Et
1445 3346 1471 3403 si
1486 3347 1580 3402 conti·

354 3434 433 3506 gerit
450 3453 516 3491 esse
534 3445 691 3509 occupatos
708 3436 744 3491 ad
764 3437 915 3495 meridiem
932 3440 981 3494 vel
999 3438 1029 3494 in
1046 3437 1200 3495 audiendis
1214 3436 1460 3509 confessionibus,
1478 3442 1530 3491 aut
1547 3436 1578 3490 in

355 3523 502 3597 operibus,
515 3527 562 3579 vel
576 3525 606 3581 in
618 3525 772 3597 quibusuis
787 3526 852 3581 aliis
864 3526 1094 3600 impedimentis,
1107 3528 1221 3599 possint
1233 3536 1300 3599 post
1313 3526 1464 3583 meridiem
1477 3540 1579 3581 conse·

353 3630 436 3669 crare
449 3623 500 3668 aut
513 3612 715 3670 administrare
729 3614 944 3685 eucharistiam
958 3634 993 3673 ac
1012 3616 1101 3672 etiam
1114 3625 1233 3689 propter
1249 3614 1356 3671 similia
1369 3614 1579 3687 impedimenta

355 3703 482 3757 habeant
504 3700 674 3757 fucultatem
691 3702 896 3775 interponendi
917 3714 949 3761 et
965 3704 1159 3777 postponendi
1180 3706 1266 3760 horus
1283 3703 1578 3773 canonicus-Quae

353 3795 533 3862 sequuntur,
552 3792 585 3845 in
602 3792 760 3863 archetypo
775 3796 1061 3867 suntnuiographa
1080 3794 1111 3849 S.
1130 3793 1258 3867 Ignatii.
1296 3794 1347 3836 —d
1366 3793 1403 3847 In
1420 3793 1483 3847 cod.
1502 3791 1579 3846 coio-

354 3880 453 3936 niensi
470 3880 599 3935 additur
616 3878 766 3936 Coloniae.

406 4040 419 4067 a
456 3969 531 4077 lliS.
559 4022 690 4094 Ignatius
712 4023 750 4079 de
773 4024 884 4094 Loiola,
910 4024 1093 4097 praepositus
1118 4026 1275 4081 Societatis
1300 4028 1381 4097 Jesu,
1406 4022 1522 4080 dilectis
1546 4020 1577 4076 in
1650 4066 1654 4071 .

353 4112 429 4185 Xpo.
449 4112 486 4167 N.
505 4121 535 4169 et
553 4114 601 4183 N.,
619 4114 834 4185 saecularibus,
856 4114 1034 4171 habentibus
1050 4123 1119 4171 uota
1136 4116 1280 4171 castitatis
1299 4123 1330 4171 et
1347 4111 1529 4187 paupertatis
1546 4119 1578 4166 et

354 4202 535 4274 propositum
549 4203 664 4273 ingredi
676 4204 799 4260 eandem
813 4204 1002 4261 Societatem.
1016 4203 1118 4260 Gratia
1130 4215 1161 4260 et
1172 4222 1230 4279 pax
1243 4222 1357 4261 summa
1365 4202 1477 4259 domini
1485 4202 1578 4258 nostri

354 4290 426 4359 Jesu
440 4288 507 4361 Xpi.
522 4288 561 4343 sit
574 4290 726 4346 uobiscum
738 4292 987 4365 semper.·Amen.
1000 4292 1098 4347 Alter.
1115 4310 1162 4348 ex.
1201 4295 1251 4337 -b
1269 4310 1314 4363 ea,
1333 4292 1505 4364 q.'primum
1520 4306 1576 4345 ms.

408 4430 414 4460 ¹
453 4430 497 4485 Ex
510 4432 573 4486 cod.
594 4432 703 4499 Vitell,
719 4450 749 4489 n.
763 4432 808 4500 82,
822 4446 839 4487 2
852 4430 897 4501 ft,
910 4435 1003 4489 altero
1015 4450 1099 4507 pur03
1113 4434 1261 4506 integrum
1271 4434 1479 4490 documentum
1489 4448 1577 4487 mann

353 4516 387 4571 P.
402 4518 533 4573 Ferronii
547 4529 708 4576 exaratum.
723 4522 757 4575 ln
769 4519 873 4576 eodem
886 4522 999 4592 codice,
1017 4541 1048 4577 n.
1066 4521 1112 4594 83,
1132 4522 1225 4580 nitide
1244 4522 1362 4595 scripsit
1379 4521 1458 4578 idem
1476 4522 1577 4577 Ferro-

353 4604 419 4661 nius
432 4607 610 4678 praecedens
624 4616 854 4677 monumentum,
868 4609 1044 4681 quibusdam
1056 4613 1187 4686 mutatis,
1200 4629 1276 4685 quae
1287 4613 1316 4667 in
1326 4612 1377 4667 illo
1386 4620 1487 4667 notata
1496 4618 1577 4676 sunt,

348 4700 386 4749 ut
399 4694 429 4751 in
442 4693 593 4752 formulam
606 4701 775 4769 generalem
787 4706 1020 4757 converteretur.
