3625 5400
371 442 475 498 Barsa.
497 439 690 512 184.-Jo1.10
703 453 853 499 esaum
865 454 931 499 nur
944 453 1085 498 runuurn
1098 440 1256 498 Aucusro
1271 452 1339 510 1547
1381 439 1433 509 567

244 605 316 662 tros
332 595 357 676 ⁴,
375 616 419 663 en
435 615 476 660 su
491 594 647 674 nombre,
663 615 730 661 con
745 595 874 662 mucho
890 596 986 661 labor
1001 596 1045 661 de
1065 596 1181 677 letras,
1204 553 1291 680 para‘
1305 614 1372 677 que
1388 591 1469 659 soli-

245 711 313 797 eite
333 715 394 778 aea
413 710 467 776 los
487 708 651 796 negocios
674 710 730 777 del
749 711 884 797 eolegio
904 732 973 796 que
996 713 1118 791 haren,
1144 733 1167 796 y
1190 710 1233 776 de
1257 717 1350 776 otras
1373 728 1471 775 cosas

245 825 461 915 adderientes
483 830 503 891 a
526 826 558 892 la
581 826 781 911 Compania;
807 826 841 891 al
863 827 943 912 qual
966 829 1155 895 Santacruz
1177 828 1222 892 he
1249 826 1400 911 pensado
1428 825 1471 889 de

246 941 442 1021 aduertirle,
460 940 675 1008 escribiendo
690 947 711 1008 a
725 943 776 1008 los
791 943 930 1028 lugares
945 964 1007 1030 por
1023 933 1138 1010 dond'e
1150 944 1196 1008 ha
1208 942 1250 1008 de
1263 963 1374 1027 pasar,
1388 961 1468 1025 que,

126 1109 132 1116 .
174 1062 176 1065 ’
246 1058 383 1142 quando
398 1057 534 1142 lleguee
549 1035 704 1137 a‘Roma,
722 1057 806 1124 Dios
826 1059 870 1124 N.
894 1059 933 1127 S.
960 1058 1158 1144 trayendole
1178 1079 1222 1124 en
1245 1078 1287 1122 su
1311 1055 1468 1135 seruicio,

246 1194 361 1259 venga
374 1173 523 1240 derecho
539 1178 674 1258 lposar
688 1179 709 1239 a
723 1174 755 1239 la
776 1195 855 1240 casa
875 1174 932 1242 del
954 1175 1010 1242 Sr.
1036 1173 1243 1242 embaxador
1265 1173 1321 1238 del
1345 1193 1404 1256 rey
1428 1171 1471 1239 de

248 1289 414 1374 Portugal
430 1310 510 1373 para
525 1299 614 1355 estar
629 1310 674 1355 en
689 1310 730 1354 su
746 1310 837 1368 casa,
855 1310 986 1376 porque
1002 1294 1051 1355 asi
1068 1311 1123 1356 me
1139 1291 1184 1355 ha
1199 1287 1359 1374 pareeido
1375 1309 1419 1355 en
1439 1287 1471 1352 el

248 1403 358 1472 Senot
373 1415 512 1470 nuestro
527 1424 595 1489 que
609 1404 774 1471 conviene
794 1426 876 1491 para
895 1408 998 1480 hazer
1018 1405 1126 1490 mejor
1145 1405 1197 1470 los
1217 1402 1383 1490 negocios
1404 1423 1470 1487 que

248 1517 334 1608 trae]
349 1521 374 1584 ⁸.

316 1635 456 1719 Quanto
472 1641 492 1701 a
507 1636 540 1701 la
560 1635 703 1721 pension
722 1637 767 1704 de
790 1655 852 1702 roo
872 1647 885 1675 ⁶
904 1635 1056 1703 ducados
1077 1656 1145 1722 que
1165 1636 1197 1702 el
1217 1634 1368 1720 paborde
1389 1653 1472 1699 con-

249 1749 359 1817 siente
375 1751 406 1815 al
422 1750 567 1836 colegio,
585 1773 641 1836 yn,
659 1771 758 1817 corno
773 1754 819 1817 no
841 1760 945 1838 tenga
964 1751 1071 1837 podet
1090 1750 1126 1816 ni
1146 1749 1309 1818 memoria
1329 1749 1430 1829 dello,
1453 1753 1473 1813 a

249 1876 342 1932 estes
357 1876 501 1951 agentes
516 1867 560 1934 de
574 1872 648 1946 aea,
665 1873 687 1932 o
703 1874 833 1953 porqu‘e
853 1867 936 1935 ellos
958 1876 1103 1952 tanpoco
1125 1861 1252 1944 tienen,
1275 1871 1296 1930 ό
1317 1886 1379 1950 por
1399 1872 1474 1930 otra

250 2000 342 2060 cosa,
363 1982 413 2046 les
433 2002 555 2066 pareee
574 2001 710 2068 esperar
730 1983 768 2067 al,
781 1991 884 2048 senor
906 1983 1008 2050 dean.
1030 1983 1083 2048 Yo
1104 1981 1238 2048 escribo
1261 2000 1368 2066 agorn
1390 1985 1411 2044 a
1433 2000 1476 2044 su

251 2096 386 2163 mereed
403 2117 463 2181 por
479 2117 555 2162 seer
570 2102 643 2162 mas
658 2096 764 2164 cierto
779 2098 822 2165 de
837 2119 878 2164 su
895 2097 1029 2178 venida;
1048 2119 1070 2182 y
1086 2097 1115 2164 si
1138 2098 1282 2174 tardare,
1305 2117 1388 2181 para
1408 2114 1475 2178 que

250 2217 312 2278 aea
324 2231 449 2296 provea
463 2211 519 2278 del
534 2213 706 2298 despacho
726 2211 901 2280 necesario
922 2234 1004 2299 para
1024 2214 1188 2281 entender
1205 2234 1247 2279 en
1265 2211 1362 2276 todas
1384 2219 1476 2276 estas

251 2345 360 2393 cosas.

318 2444 385 2510 Las
400 2443 643 2529 suplicationes
659 2445 702 2511 de
716 2447 749 2512 la
764 2443 956 2531 perroquial
972 2445 1015 2512 de
1031 2443 1141 2510 Denia
1156 2445 1168 2478 l
1185 2466 1207 2529 y
1223 2443 1266 2510 de
1287 2444 1319 2509 la
1339 2439 1475 2526 ereeion

252 2558 308 2626 del
324 2559 459 2644 eolegio
474 2565 572 2625 estin
587 2559 622 2624 in
638 2559 780 2629 retentis
796 2582 840 2628 en
855 2560 888 2626 el
903 2559 1035 2627 datario
1051 2580 1115 2644 por
1131 2561 1163 2624 la
1179 2557 1422 2644 composieiim.

318 2675 368 2742 La
383 2674 591 2761 suplicaeibn
607 2695 689 2762 para
708 2675 817 2741 nutrir
838 2674 952 2757 xan⁰
972 2675 1117 2743 neofitos
1140 2698 1183 2743 en
1208 2675 1240 2743 el
1263 2672 1396 2761 colegio
1419 2674 1477 2739 fue

252 2792 379 2879 pasada
395 2815 436 2858 en
454 2793 607 2859 sinatura
622 2814 645 2877 y
660 2814 722 2878 por
737 2793 767 2859 el
785 2792 943 2879 registro,
961 2814 984 2877 y
1004 2793 1036 2859 la
1059 2802 1211 2858 tenemus
1231 2812 1275 2857 en
1296 2812 1374 2857 casa
1395 2810 1475 2875 para

252 2908 409 2975 acabarla
424 2907 467 2973 de
482 2908 623 2994 expedir
638 2907 649 2947 s
663 2912 687 2974 ἲ
915 2910 916 2913 ’

304 3101 317 3129 e
356 3087 391 3140 ln
403 3087 500 3141 altero
512 3088 679 3159 exemplari
691 3089 928 3157 clarescriptum
939 3091 980 3141 est
996 3098 1057 3155 1003
1068 3086 1102 3139 in
1114 3086 1166 3139 hoe
1179 3102 1249 3139 vero
1260 3102 1318 3139 non
1329 3085 1403 3137 satis
1409 3086 1478 3153 per·
1576 3092 1580 3099 ’

250 3175 351 3247 spicue
367 3176 558 3247 cognoscitur
569 3180 675 3229 utrum
688 3177 851 3249 legendum
867 3176 907 3229 sit
922 3188 984 3242 100,
1000 3178 1102 3227 ulrum
1113 3174 1216 3245 potius
1231 3174 1291 3240 1603
1305 3174 1356 3227 sed
1367 3173 1420 3225 hoc
1432 3172 1477 3223 ul-

237 3266 360 3319 'iimum
373 3282 434 3319 non
446 3266 522 3319 adeo
533 3283 603 3319 vero
615 3265 715 3319 simile
727 3269 779 3320 est.
819 3266 864 3307 -f
880 3264 977 3318 Manu
990 3262 1082 3319 etiam
1097 3263 1127 3318 S.
1139 3262 1268 3335 Ignatii,
1279 3266 1313 3315 ut
1323 3260 1477 3315 calamum

249 3355 450 3424 experiretur,
463 3355 535 3408 haec
547 3354 710 3427 leguntur:
723 3371 760 3409 en
778 3363 862 3409 tener
952 3369 988 3406 en
1003 3360 1086 3407 tener
1103 3352 1215 3407 buenas
1238 3367 1350 3405 nuevas
1440 3365 1477 3402 en

251 3451 348 3498 tener.

304 3580 316 3629 l
353 3595 400 3651 Ad
412 3613 475 3650 rem
487 3594 640 3651 Araozius:
655 3596 718 3649 «De
731 3595 890 3650 Barcelona
903 3597 935 3649 se
953 3610 1010 3666 que
1023 3592 1080 3647 ssa
1093 3592 1170 3648 Cruz
1182 3608 1202 3663 y
1214 3600 1294 3646 otros
1311 3590 1395 3645 cinco
1415 3606 1475 3643 em-

249 3687 391 3741 barcaron
408 3688 426 3739 a
444 3698 479 3739 22
497 3683 610 3751 deste»,
630 3700 671 3739 sc.
693 3683 821 3755 Augusti
839 3682 958 3737 mensis.
980 3681 1075 3753 Epist.
1095 3680 1221 3745 Merrae,
1236 3680 1260 3748 I,
1278 3677 1340 3749 397.
1360 3678 1472 3733 Romae

250 3774 476 3830 Sanctacrueius
489 3775 715 3845 exspectabatur
728 3790 828 3827 mense
843 3771 1020 3843 Septembri.

306 3865 317 3899 ⁵
354 3864 536 3929 poraneus,
552 3861 677 3935 chron,
691 3862 715 3932 1,
729 3874 791 3918 211.

305 3955 317 3988 ⁰
353 3953 467 4025 Gaspar
480 3938 658 4007 Goditre'dus
671 3950 788 4021 Bongia,
801 3950 956 4021 episcopus
970 3948 1180 4021 segorbiensis,
1192 3945 1388 4003 sacerdotium
1402 3944 1477 3999 obti-

251 4045 342 4098 nebat
354 4041 385 4098 in
397 4040 505 4114 oppido
522 4040 628 4096 Dianio
640 4039 770 4111 (Deoia),
783 4040 867 4111 eujus
879 4039 993 4095 fructus
1009 4036 1191 4094 instituendo
1203 4034 1336 4092 Gandiae
1353 4033 1479 4103 collegio

253 4131 434 4204 adJudicatos
448 4133 577 4199 volebat3
596 4131 637 4187 ita
653 4139 752 4187 tamen
765 4138 798 4185 ut
815 4147 852 4184 ex
869 4130 928 4185 illis
945 4146 1011 4199 pars
1029 4126 1138 4182 vicario
1156 4124 1316 4181 dianiensis
1335 4121 1479 4177 ecclesiae

253 4221 461 4292 assignaretur,
478 4229 508 4276 et
519 4220 662 4293 neophyti
674 4220 786 4292 aliquot
797 4219 877 4274 illius
887 4217 1017 4289 regionis
1030 4218 1187 4271 alerentur.
1201 4216 1279 4285 Ergo
1291 4212 1328 4267 de
1342 4211 1399 4267 illis
1412 4227 1479 4282 sup-

252 4309 460 4382 plicationibus
472 4327 569 4365 sermo
581 4318 627 4365 est
639 4310 762 4381 aliisque
775 4307 922 4363 similibus
939 4305 975 4361 ad
988 4305 1146 4375 collegium
1163 4302 1382 4374 spectantibus,
1404 4316 1479 4372 quae

252 4398 283 4455 in
292 4397 414 4464 dataria‚
427 4397 520 4453 donec
532 4398 705 4470 compositio
716 4397 812 4467 fieret,
823 4395 1035 4451 retinebantur.
1049 4392 1096 4448 Cf.
1112 4392 1208 4465 Epist.
1223 4390 1348 4455 Mixtus,
1361 4386 1401 4457 11,
1414 4400 1479 4457 4503

253 4488 395 4559 Synopsis
407 4492 544 4542 actorum
559 4488 589 4543 S.
605 4488 691 4543 Sedis
702 4486 737 4541 in
750 4504 843 4541 causa
856 4485 1015 4540 Societatis
1026 4484 1105 4546 Iesu,
1120 4498 1202 4554 pags.
1217 4497 1243 4551 4,
1259 4480 1286 4547 6,
1301 4492 1326 4549 7.

309 4580 319 4610 ⁷
357 4578 403 4631 De
416 4583 559 4648 tempore,
572 4592 629 4649 quo
642 4576 766 4648 epistola
779 4574 888 4647 scripta
900 4573 1029 4645 videtur,
1046 4571 1174 4627 diximus
1192 4571 1222 4626 in
1239 4576 1339 4625 annot.
1358 4566 1385 4623 3.
1403 4565 1478 4623 Con·

253 4666 299 4721 ier
311 4665 465 4738 epistolam
480 4665 531 4735 176
542 4664 579 4719 ad
592 4665 728 4721 eumdem
740 4663 877 4736 Borgiam
894 4661 1009 4731 datam,
1026 4678 1101 4734 quae
1120 4660 1218 4717 forsan
1235 4659 1321 4716 simul
1339 4674 1406 4713 cum
1425 4657 1479 4711 hac
