3625 5400
574 422 741 485 Arrauutx
757 422 1065 483 suun—Ammoi
1349 420 1403 492 7³5

208 631 297 747 rag.
315 675 390 743 457.
438 618 940 731 rrnucrsco'noncma
962 658 1317 752 oud-caumas

564 829 653 885 noun
672 828 776 872 emtus
793 828 951 879 uuusmus
972 828 1041 887 1547
1060 817 1080 872 ¹.

208 946 261 1003 De,
274 946 448 1004 studiorum
466 941 626 1003 anomia
645 939 788 1019 Gondiao
804 942 1137 1012 §anawanum
1156 944 1333 1012 hujumodi
1354 962 1440 1018 nego·

276 1036 354 1094 tium
367 1031 563 1106 difficultates
573 1030 792 1091 habeat-‚Eas
804 1032 974 1103 superandi
984 1036 1067 1105 spem
1080 1033 1210 1103 curcipit
1222 1033 1376 1110 [gnatius.

277 1163 436 1245 Despues
448 1160 490 1228 de
502 1166 594 1226 esras
607 1166 700 1225 otras
713 1156 866 1238 eser-itas,
880 1157 1053 1226 hablando
1063 1178 1130 1225 con
1142 1158 1174 1224 el
1186 1159 1344 1231 cardena}
1356 1160 1443 1229 Cre-

209 1274 332 1343 cencio
348 1277 360 1309 ¹
377 1276 479 1341 sobre
494 1284 589 1339 otras
604 1292 702 1338 cosas
722 1294 745 1357 y
765 1270 958 1339 diziendole
977 1273 1010 1339 1ο
1033 1295 1101 1359 que
1120 1274 1153 1341 el
1175 1295 1264 1360 papa
1286 1297 1342 1342 me
1364 1275 1444 1343 diro

210 1394 314 1460 sobre
330 1392 363 1457 la
381 1388 601 1457 universidad
615 1400 630 1428 ²
645 1389 688 1455 de
703 1388 841 1455 Gaudia
855 1410 878 1473 y
894 1388 938 1457 de
958 1388 992 1482 la
1013 1388 1182 1456 deuucion
1201 1391 1246 1457 de
1268 1391 1314 1459 V.
1339 1392 1443 1471 Stia„

211 1504 352 1593 aunque
369 1527 423 1577 me
439 1504 517 1573 hizo
532 1506 678 1572 muchas
693 1524 837 1571 razones
851 1503 1024 1589 poniendo
1039 1503 1283 1589 impedimento
1306 1527 1368 1593 por
1391 1528 1446 1573 ser

215 1621 438 1690 uniuersidad
453 1641 498 1685 en
514 1619 673 1687 Valentia
692 1640 716 1705 y
736 1620 769 1685 la
790 1618 891 1686 tierra
911 1619 955 1687 de
974 1620 1112 1687 Gaudia
1134 1630 1292 1706 pequena
1315 1643 1338 1707 y
1361 1642 1448 1708 poca

212 1736 383 1805 distancia
399 1746 496 1803 entre
512 1736 562 1801 las
578 1734 641 1801 'dos
659 1734 788 1817 tierras;
808 1746 935 1814 tamen,
950 1735 1179 1821 replicandole
1194 1757 1447 1803 amorosamen-·

217 1865 263 1933 te,
282 1864 451 1919 restamos
467 1874 509 1919 en
527 1861 617 1919 esto:
636 1871 704 1935 que
720 1872 764 1936 yo
780 1848 980 1918 escribiesse
997 1852 1144 1937 algunas
1166 1861 1311 1919 razones
1331 1872 1375 1919 en
1397 1853 1449 1919 fa-

219 1989 282 2037 uor
300 1970 344 2035 de
365 1968 397 2033 la
417 1965 638 2033 uniuersidad
658 1988 726 2051 que
746 1986 784 2033 se
805 1966 970 2051 pretende
997 1968 1099 2035 bazer
1126 1988 1170 2034 en
1190 1968 1346 2051 Gandia,
1368 1990 1391 2053 y
1417 1969 1450 2034 el

218 2084 341 2151 mismo
357 2083 534 2150 buscando
550 2102 693 2148 razones
710 2104 791 2167 para
807 2080 885 2162 ello,
904 2086 953 2147 ast
970 2102 1068 2168 como
1084 2082 1113 2148 si
1129 2082 1161 2150 la
1176 2082 1279 2151 tierra
1294 2084 1338 2149 de
1353 2084 1444 2151 Gan·

173 2210 175 2213 ’
220 2202 277 2267 dia
293 2202 406 2268 suesse
422 2204 495 2265 mas
512 2200 629 2264 barata
646 2218 712 2282 que
729 2196 905 2277 Valencia,
924 2219 946 2283 y
962 2196 991 2263 si
1007 2198 1059 2263 los
1079 2198 1265 2266 exercicios
1286 2214 1338 2268 en·
1350 2199 1454 2265 letras

222 2317 314 2385 dela
331 2312 551 2381 uniuersidad
566 2314 609 2380 de
625 2312 790 2380 Valencia
805 2314 944 2379 fuessen
959 2315 1003 2379 de
1023 2335 1110 2399 poco
1131 2324 1322 2396 moment03
1344 2336 1368 2399 y
1387 2335 1454 2399 que

144 2436 149 2445 '
220 2433 256 2497 lo
272 2431 286 2471 ¹³
302 2430 452 2497 inuiasse
467 2436 488 2495 d
503 2432 551 2499 M.
569 2427 683 2514 Diego
700 2430 725 2508 ³,
744 2450 766 2513 y
783 2448 850 2512 quc
870 2430 902 2495 el
923 2429 1082 2497 habiasse
1104 2429 1253 2515 despues
1276 2432 1308 2495 al
1333 2430 1454 2497 mismo

225 2564 433 2575 —-—.-.—-

275 2646 289 2671 a
327 2626 490 2683 uniuersitd
504 2644 559 2684 ms.
598 2627 649 2671 -b
667 2626 847 2698 ybezloms.
864 2622 866 2627 '
886 2638 936 2675 -4
953 2627 997 2680 asi
1010 2627 1038 2681 ei
1051 2625 1188 2681 cardena}
1206 2628 1234 2681 ai
1247 2626 1384 2684 cardena!
1397 2644 1453 2682 ms.

281 2783 287 2814 ¹
325 2779 370 2834 Ex
383 2781 446 2836 cod.
468 2779 578 2844 Vitett„
593 2795 694 2850 apogr.
712 2791 724 2832 1
743 2779 809 2849 iob,
822 2797 852 2833 n.
871 2777 936 2849 352,
953 2778 1034 2851 prius
1051 2778 1115 2849 837.
1133 2781 1198 2835 Hoc
1216 2781 1379 2836 litterarum
1399 2779 1455 2835 fra·

221 2876 388 2938 gmentum,
398 2868 476 2941 quod
486 2867 626 2940 temporis
637 2866 788 2923 notatione
798 2876 889 2938 caret,
901 2875 935 2922 ut
944 2867 1128 2940 conjicimus,
1139 2869 1227 2925 scribi
1238 2869 1343 2925 debuit
1356 2869 1458 2942 primis

223 2958 293 3013 anni
311 2969 379 3027 1547
397 2958 558 3013 mensibus.
578 2957 653 3011 Nam
671 2958 701 3012 in
719 2973 755 3011 eo
772 2956 805 3010 fit
829 2959 940 3012 mentio
961 2957 1000 3011 de
1022 2957 1135 3014 Didaco
1156 2959 1300 3026 Sanehez‚
1325 2958 1459 3015 Gandiae

162 3043 165 3055 '
226 3056 428 3118 praecentore,
441 3064 529 3120 quem
543 3063 601 3101 non
620 3047 712 3101 multo
725 3053 794 3100 ante
807 3047 915 3117 Borgia
928 3047 1050 3101 Romam
1069 3047 1198 3114 miserat,
1219 3056 1252 3103 ut
1269 3049 1325 3103 hoc
1341 3048 1459 3120 aliaque

230 3135 348 3208 negotia
367 3145 495 3206 urgeret.
515 3136 579 3206 Jam
595 3151 666 3188 vero
677 3133 725 3188 hie
738 3133 883 3188 Gandiam
901 3152 1039 3189 reversus
1052 3143 1180 3191 estante
1198 3149 1234 3190 20
1256 3137 1354 3192 Martii
1379 3149 1459 3205 1547,

222 3243 282 3298 quo
295 3224 343 3280 die
357 3225 473 3296 Ignatio
486 3223 620 3282 Oviedus
633 3223 796 3278 scribebat:
813 3225 864 3278 «Ei
878 3225 971 3278 breve
987 3223 1025 3278 de
1042 3225 1069 3278 la
1088 3224 1277 3297 indulgencia
1296 3243 1353 3298 que
1372 3235 1460 3280 truxo

227 3317 322 3386 Diego
335 3315 468 3370 Sdnchez
482 3315 508 3368 al
522 3313 616 3368 Senot
630 3314 735 3384 Doque
752 3329 821 3383 para
835 3314 862 3366 la
875 3311 1046 3384 Compabia,
1062 3315 1164 3369 hernus
1177 3313 1346 3385 recebido.»
1363 3316 1459 3388 Epist.

226 3405 349 3472 Mixtus,
368 3405 390 3473 1,
404 3401 467 3473 350.
482 3402 590 3473 Borgia
602 3413 701 3457 autem
715 3417 806 3472 agens
816 3417 869 3472 per
877 3401 992 3456 litteras
1004 3419 1072 3457 cum
1083 3401 1201 3472 Ignatio
1210 3413 1273 3457 tum
1284 3404 1321 3458 de
1331 3406 1386 3459 hac
1395 3421 1461 3476 gra·

226 3495 267 3548 tia
280 3511 297 3548 a
310 3491 448 3566 pontifice
465 3491 673 3547 confitentibus
690 3498 812 3562 peccata
830 3490 919 3545 alicui
937 3508 975 3545 ex
995 3490 1153 3548 Societatis
1172 3493 1375 3549 sacerdotibus
1394 3510 1460 3549 con·

223 3601 321 3650 cessa,
335 3591 397 3638 tum
410 3581 447 3636 de
460 3581 587 3651 collegio
603 3579 769 3650 gandiensi‚
785 3582 858 3635 haec
871 3581 950 3635 inter
962 3581 1018 3636 alia
1035 3581 1149 3636 scribit:
1168 3583 1233 3636 «He
1250 3582 1389 3654 recebidp
1406 3599 1462 3638 con

226 3676 254 3729 el
270 3674 374 3727 mismo
388 3671 484 3742 Diego
498 3669 630 3725 Sdnchez
648 3671 675 3724 el
690 3671 852 3742 breveque
866 3669 903 3727 V.
918 3669 956 3723 P.
975 3687 1021 3724 me
1033 3687 1156 3725 acusa...
1172 3671 1298 3726 Bendito
1311 3689 1361 3727 sea
1376 3672 1462 3741 Dios,

226 3779 285 3836 que
299 3779 331 3816 se
344 3763 381 3814 ha
394 3777 432 3832 ya
449 3759 572 3828 signado
590 3760 618 3813 la
636 3758 816 3830 suplicacidn
833 3757 870 3812 de
888 3759 915 3812 la
934 3759 1067 3814 erectidn
1085 3758 1171 3814 deste
1190 3761 1328 3831 collegio,
1347 3761 1463 3816 adonde

229 3859 312 3906 tanto
325 3853 361 3905 ha
374 3849 411 3904 de
424 3867 471 3904 ser
485 3848 612 3903 seruido.
629 3849 699 3919 Muy
712 3864 785 3918 gran
803 3847 910 3902 desseo
924 3855 1014 3918 teugo
1026 3847 1064 3903 de
1078 3866 1131 3903 ver
1146 3866 1185 3920 ya
1204 3860 1284 3905 carta
1302 3850 1340 3906 de
1360 3853 1397 3905 V.
1415 3851 1461 3923 P.‚

228 3958 267 3994 en
280 3958 338 4012 que
353 3956 399 3993 me
412 3937 480 4008 diga
493 3955 550 4010 que
564 3936 695 3991 tambien
711 3938 739 3990 lo
756 3937 793 3990 ha
811 3934 875 3989 sido
894 3937 921 3990 la
939 3935 978 3990 de
996 3938 1022 3991 la
1041 3938 1239 4009 uniuersidad‚
1259 3957 1376 4012 aunque
1394 3940 1464 3995 bien

228 4044 298 4084 creo
311 4046 368 4100 que
381 4045 418 4099 ya
431 4029 460 4082 lo
473 4029 548 4092 seri.
562 4043 636 4097 pnes
653 4027 680 4079 el
693 4026 778 4081 Rmo.
793 4023 930 4079 cardena}
944 4026 1083 4080 Marcello
1095 4028 1133 4080 ha
1145 4027 1210 4082 sido
1228 4028 1359 4085 tambien
1377 4029 1466 4085 infor-

231 4117 325 4185 mado,
346 4135 365 4188 y
384 4115 470 4171 viene
489 4133 526 4170 en
545 4117 612 4187 ello,
632 4112 679 4168 dei
703 4113 789 4168 modo
806 4131 865 4186 que
882 4114 919 4168 V.
934 4115 973 4168 R.
996 4132 1043 4170 me
1056 4115 1171 4170 escriue
1189 4117 1319 4189 yDiego
1332 4105 1465 4174 Sinchez

228 4207 325 4262 diae.»
339 4205 489 4261 Concessa
501 4203 620 4277 quidem
635 4203 690 4258 fuit
703 4205 758 4258 hoc
768 4203 832 4274 ipso
845 4220 949 4258 annua
961 4205 1053 4259 Paulo
1063 4205 1104 4259 111
1114 4205 1286 4276 gandiensis
1295 4207 1465 4263 academiae

233 4295 387 4362 instituti0,
402 4293 455 4349 sed
467 4292 515 4348 die
529 4308 546 4362 4
560 4291 748 4360 Novembris,
761 4300 795 4346 ut
804 4292 874 4346 alibi
888 4292 1027 4348 diximus:
1040 4294 1087 4365 agi
1099 4312 1170 4349 vero
1183 4295 1220 4350 de
1233 4313 1269 4350 ea
1281 4314 1313 4351 re
1326 4307 1465 4370 coeptum

229 4386 327 4440 iuerat
340 4391 406 4456 post
418 4383 497 4438 diem
514 4381 546 4436 13
559 4380 697 4440 Octobris
713 4381 793 4452 1546,
807 4389 840 4436 ut
852 4390 969 4436 constat
982 4399 1019 4437 ex
1034 4384 1141 4453 Ignatii
1150 4385 1278 4456 epistola
1291 4386 1327 4440 ad
1342 4387 1374 4441 P.
1393 4388 1467 4443 Tur-

233 4476 357 4544 rianum3
373 4472 441 4527 vide
459 4489 558 4544 supra,
572 4475 639 4543 pag'.
653 4470 716 4540 448.

288 4567 299 4596 ³
337 4562 493 4617 Marcellus
505 4560 706 4617 Crescentius.

289 4653 299 4682 ³
338 4649 467 4706 Didacus
485 4649 628 4705 Sanehez.
