3625 5400
389 486 441 558 398
765 489 970 545 Mororum
991 490 1166 546 lounrtnnn

421 640 533 728 [Quae
549 641 699 727 quidem,
713 640 793 707 licet
805 642 946 710 SSmus.
960 641 1119 708 dominus
1135 654 1251 709 noster
1268 642 1366 710 nobis
1381 643 1429 708 ita
1444 643 1578 729 specia-

353 758 432 826 liter
448 756 669 838 concesserit,
687 778 750 824 nos
766 768 880 824 tamen
895 757 961 826 Dei
977 755 1087 844 gratia
1098 756 1276 843 cupientes
1288 770 1325 824 ut
1338 759 1466 824 talento
1477 760 1577 826 nobis
1640 749 1652 776 '

354 894 518 942 concesso
534 872 647 939 sobrie
662 884 697 942 et
712 873 755 938 ad
771 871 908 940 Domini
923 871 1058 940 laudem
1079 873 1267 974 secundum
1289 874 1442 958 ejusdem
1462 874 1573 943 SSmi.

354 987 577 1056 intentionem
592 998 739 1068 utamur,
754 997 789 1055 et
800 987 843 1053 ad
859 986 1141 1068 aedificationem,
1155 1011 1222 1056 non
1240 989 1283 1055 ad
1296 988 1573 1070 destructionem;

354 1115 388 1172 et
404 1125 448 1170 ne
464 1104 551 1170 forte
567 1127 609 1172 ex
625 1125 790 1190 aggressa
807 1101 902 1170 uerbi
919 1102 984 1172 Dei
1000 1113 1035 1171 et
1050 1115 1339 1171 sacramentorum
1360 1103 1577 1170 administra·
1624 1081 1630 1090 ⁸

353 1219 445 1285 tione
458 1218 532 1287 sine
544 1217 730 1285 immediati
741 1217 926 1304 superioris
937 1217 1178 1285 beneuolentia
1189 1233 1224 1285 et
1237 1219 1411 1298 facultate,
1429 1221 1577 1286 scanda-

355 1335 425 1399 lum
448 1334 563 1420 populi
583 1333 788 1413 suboriatur,
806 1334 880 1419 ejus
900 1332 1136 1402 aedificatione
1158 1333 1332 1420 impedita,
1356 1334 1515 1401 uolumus
1539 1345 1577 1400 ut

357 1471 430 1528 uoS,
449 1450 605 1517 consulto
621 1448 716 1536 prius
730 1447 796 1516 loci
813 1458 946 1517 rectore
964 1448 1142 1535 spirituali,
1160 1450 1303 1534 ejusque
1319 1449 1456 1516 licentia
1470 1452 1577 1537 petita

355 1565 449 1652 prius
472 1577 506 1632 et
529 1566 684 1644 obtenta,
710 1563 845 1650 possitis
869 1585 948 1631 cum
968 1565 1118 1631 omnium
1140 1587 1255 1634 amore
1277 1565 1431 1631 diuinum
1451 1588 1577 1632 munus

355 1679 478 1765 exequi
494 1681 537 1746 ad
553 1679 627 1765 ejus
646 1680 781 1748 laudem
802 1691 835 1746 et
856 1681 1045 1748 secundum
1068 1693 1207 1747 sanctae
1226 1679 1348 1766 synodi
1371 1680 1575 1749 tridentinae

355 1795 484 1864 editum
501 1796 703 1884 decretum]

423 1913 459 1976 ln
477 1933 621 1996 quorum
635 1911 737 1979 iidem
753 1925 949 1997 praesentes
970 1911 1099 1978 litteras
1120 1911 1194 1979 fieri
1217 1911 1393 1996 nostrique
1415 1911 1504 1979 soliti
1528 1912 1576 1976 si-

356 2027 428 2112 gilli
444 2026 666 2112 impressione
682 2026 806 2092 muniri
827 2026 983 2107 fecimuS,
1000 2049 1127 2112 easque
1148 2049 1250 2094 manu
1271 2029 1408 2115 propria
1423 2028 1575 2094 subscri-

355 2141 497 2227 psimus.

423 2259 547 2324 Datum
566 2259 692 2327 Romae
707 2258 743 2324 in
759 2259 859 2325 domo
874 2259 1053 2327 Societatis
1064 2261 1147 2347 Jesu
1163 2260 1252 2345 apud
1268 2271 1420 2326 sanctam
1435 2258 1575 2326 Mariam

294 2391 298 2400 ·
355 2374 398 2441 de
415 2373 547 2454 Strada,
567 2394 657 2439 anno
673 2373 800 2440 domini
816 2375 922 2440 nostri
942 2375 1016 2440 lhu.
1035 2374 1115 2459 Xpi.
1139 2375 1233 2458 1546,
1252 2373 1307 2441 die
1325 2395 1406 2441 uero
1420 2411 1462 2422 —
1476 2411 1520 2422 —
1531 2411 1576 2422 —

355 2488 483 2555 mensis
494 2489 601 2576 Junii,
616 2488 833 2575 pontificatus
845 2489 1022 2575 praelibati
1038 2487 1148 2557 SSmi.
1167 2488 1247 2555 Dni.
1266 2490 1311 2558 N.
1327 2491 1398 2558 PP.
1417 2511 1507 2555 anno
1527 2507 1575 2555 12.

423 2605 618 2688 Inscriptio.
642 2605 665 2692 's
686 2603 902 2671 Charissimis
918 2603 954 2668 in
969 2605 1059 2690 Xpo.
1076 2605 1184 2671 Paulo
1196 2604 1360 2683 Antonio,
1371 2603 1496 2692 Joanni
1509 2605 1577 2671 Ba-

357 2719 491 2804 ptistae,
513 2719 627 2787 Pietro
643 2720 795 2787 Antonio
811 2740 851 2785 ac
862 2719 987 2808 Joanni
1004 2720 1194 2800 Pelletario,
1209 2719 1266 2804 qui
1282 2730 1363 2787 sunt
1380 2720 1529 2789 Parisiis.

422 2836 503 2901 Alio
520 2858 638 2901 monta.
658 2834 768 2903 Viuae
784 2836 880 2902 uocis
894 2837 1044 2903 oraculo.
1074 2872 1080 2888 ·
1100 2836 1114 2863 ’

426 3006 607 3091 inscriptio
623 3007 660 3069 iu
676 3006 783 3069 aliero
798 3006 960 3090 exemplo.
982 2950 1050 3073 llis.
1068 3004 1283 3071 Charissimis
1299 3004 1334 3070 in
1354 3007 1444 3090 Xpo.
1470 3006 1578 3072 Paulo

357 3120 510 3193 Antonio
526 3118 558 3184 d’
576 3118 731 3199 Achillis,
745 3119 844 3207 Joani
861 3118 1011 3187 Batistae
1031 3120 1075 3185 de
1095 3118 1215 3199 Violis,
1239 3122 1341 3187 Petro
1363 3122 1514 3189 Antonio
1534 3124 1578 3191 de

356 3234 537 3312 Saluaticis
554 3247 588 3301 et
599 3233 702 3322 Joani
720 3235 912 3302 Pelletario.

941 3398 1003 3477 127

357 3528 501 3583 Formulu
512 3528 705 3583 concessionis
712 3529 903 3601 gratiarum,
919 3527 1062 3583 Socterau
1068 3528 1142 3597 Jesu
1156 3546 1176 3581 a
1187 3530 1254 3584 sede
1266 3530 1431 3599 apostolico
1437 3529 1543 3602 factae
1560 3535 1578 3583 ¹.

423 3644 576 3731 ignatius
589 3647 631 3713 de
645 3642 773 3723 Loiola,
788 3642 978 3729 prepositus
994 3644 1174 3713 Societatis
1190 3648 1280 3727 lhu.,
1298 3646 1422 3712 dilecto
1434 3647 1532 3713 nobis¹
1545 3648 1578 3711 in

355 3759 494 3827 Christo
517 3762 560 3827 N.
585 3773 652 3828 etc.
676 3760 874 3845 presbytero
898 3810 1009 3828 ........
1032 3760 1189 3843 diocesis,
1214 3762 1358 3829 salutem
1378 3762 1412 3826 in
1432 3761 1580 3828 Domino

357 3875 609 3961 sempiternam.

422 3994 510 4058 Cum
527 4013 636 4077 nuper
648 3992 789 4061 SSmus.
805 3992 839 4058 in
853 3994 942 4077 Xpo.
959 3994 1061 4060 Pater
1073 4004 1107 4059 et
1118 3992 1276 4060 dominus
1293 4004 1408 4059 noster
1419 3993 1578 4059 dominus

358 4108 485 4173 Paulus
501 4106 617 4173 diuina
633 4106 848 4193 prouidentia
866 4128 951 4194 papa
968 4108 1087 4176 tertius
1104 4129 1164 4193 per
1179 4130 1259 4174 suas
1280 4108 1314 4173 in
1336 4106 1443 4175 forma
1463 4108 1577 4175 breuis
1622 4170 1634 4185 ,

355 4222 469 4287 literas
484 4224 548 4287 sub
565 4223 644 4287 data
662 4224 788 4291 Romae
807 4224 863 4292 die
884 4244 902 4308 3
920 4224 1015 4313 Junii
1040 4241 1121 4308 1545
1147 4235 1228 4308 etc.,
1251 4247 1311 4312 pro
1333 4236 1484 4313 tempore
1506 4225 1579 4291 cxi·

355 4336 456 4401 stenti
474 4336 648 4421 preposito
664 4351 698 4404 et
715 4338 816 4405 sociis
833 4338 1014 4407 Societatis
1031 4340 1224 4406 huiusmodi
1241 4352 1274 4408 et
1291 4340 1431 4407 cuilibet
1445 4362 1576 4419 eornm,

355 4451 412 4533 qui
430 4452 471 4516 ad
488 4454 552 4516 hoc
569 4450 713 4519 idoneus
729 4465 883 4541 repertus
899 4467 934 4521 et
951 4478 1011 4542 per
1026 4455 1137 4521 dictae
1154 4456 1335 4523 Societatis
1347 4456 1578 4543 praepositum

359 4611 567 4623 ——.-.—

368 4726 372 4733 -
409 4700 414 4731 ¹
454 4702 496 4754 Ex
510 4702 611 4758 codice
628 4702 698 4758 titt.
711 4708 838 4775 putent,
852 4722 954 4777 apogr.
973 4718 982 4759 1
999 4705 1049 4761 fol.
