3625 5400
453 462 506 530 584
737 533 740 536 ἦ
832 463 1040 518 normann
1059 461 1238 523 lunarum

421 615 558 701 llegado
573 617 606 681 al
621 615 728 700 mejor
744 615 792 680 fin
808 636 876 699 que
891 635 987 682 emos
1002 615 1139 701 podid0,
1162 615 1314 682 saliendo
1334 615 1378 681 de
1398 613 1560 702 negociar
1580 635 1643 680 oon

423 730 526 815 quien
543 753 587 796 no
604 750 659 796 me
675 729 847 799 entiend0.

484 847 525 912 El
540 847 596 914 Sr.
614 845 774 932 Quiroga
790 848 801 882 ⁵
818 857 892 912 esta
907 845 1022 914 reciba
1039 867 1100 931 por
1120 867 1218 930 suya,
1241 867 1262 930 y
1283 851 1302 910 a
1324 849 1368 910 mi
1391 866 1456 910 con
1479 844 1544 912 ella
1564 867 1644 930 para

417 963 496 1027 todo
513 961 657 1028 seruicio
673 984 742 1046 que
757 961 789 1028 le
804 960 946 1048 pudiare
962 963 1066 1026 hazer
1082 973 1125 1028 en
1141 962 1173 1027 el
1189 962 1301 1030 Sefior
1317 970 1468 1029 nuestro.
1488 960 1643 1046 Siempre

420 1080 465 1145 he
480 1077 596 1146 tenido
613 1089 722 1143 temor
737 1078 781 1144 de
795 1077 829 1142 la
843 1077 943 1143 salud
958 1077 1013 1143 del
1029 1077 1083 1144 Sr.
1103 1075 1244 1156 Calist0‚
1260 1076 1398 1161 ydeseo
1412 1079 1535 1142 mucho
1546 1076 1643 1142 saber

421 1194 550 1279 alguna
565 1214 645 1258 cosa
661 1191 902 1278 (entendiendo
919 1193 961 1258 V.
979 1192 1132 1372 md.)5?el
1148 1213 1271 1260 suceso
1287 1193 1329 1258 de
1346 1213 1387 1260 su
1403 1193 1560 1276 jornada,
1584 1194 1643 1257 ha-

421 1307 547 1374 biendo
558 1307 742 1376 entendido
758 1308 831 1374 dias
846 1310 890 1372 ha
906 1329 985 1393 que,
1000 1330 1043 1374 en
1094 1306 1208 1374 olonia
1224 1307 1405 1392 quedando
1418 1308 1518 1386 malo,
1533 1308 1642 1392 ydes-

421 1427 506 1509 pues
521 1423 755 1506 convalecid0‚
774 1445 811 1491 se
827 1422 936 1509 partio
956 1445 1038 1508 para
1060 1423 1205 1489 Genova
1226 1444 1269 1492 en
1288 1423 1519 1508 seguimiento
1540 1423 1585 1488 de
1605 1443 1643 1486 su

419 1538 565 1605 camino.
586 1540 695 1625 Plega
710 1545 730 1605 a
746 1539 830 1604 Dios
846 1540 890 1605 N.
910 1515 950 1606 S.
963 1539 995 1605 le
1011 1544 1092 1624 guie
1109 1538 1304 1648 invtroque
1324 1539 1461 1605 homine
1482 1543 1590 1604 como
1603 1558 1643 1622 yo

421 1656 508 1722 selo
524 1657 638 1733 desen,
657 1676 680 1739 y
696 1675 740 1719 no
757 1659 853 1720 terna
868 1659 941 1720 mas
956 1675 1025 1739 que
1039 1655 1172 1723 desear.

389 1779 394 1788 ‘
487 1769 601 1855 Quien
621 1791 685 1854 por
705 1771 736 1835 la
757 1792 797 1835 su
819 1769 952 1836 infinita
972 1793 994 1856 y
1014 1791 1112 1836 suma
1133 1770 1270 1837 bondad
1291 1791 1353 1836 nos
1374 1770 1492 1856 quieta
1519 1771 1581 1834 dar
1602 1789 1641 1834 su

422 1885 538 1972 gracia
565 1885 736 1970 cumplida
759 1907 842 1970 para
864 1905 932 1970 que
955 1906 996 1951 su
1019 1885 1194 1952 santisima
1218 1867 1383 1952 voluntati
1409 1897 1597 1971 syntamOS‚
1620 1906 1641 1969 y

385 2066 388 2073 ,
420 2001 555 2084 aquella
570 1999 802 2067 enteramente
817 2001 850 2066 Ia
867 2002 1090 2086 cumplamos.

346 2094 349 2100 ¹
457 2097 539 2183 'De
557 2119 678 2197 Roma,
697 2138 741 2202 oy
752 2114 921 2201 juebes.¹'

1001 2263 1065 2343 192

673 2392 831 2458 PATRI
866 2393 1109 2460 ANTONIO
1147 2394 1388 2461 ARAOZIO

799 2519 888 2562 noua
911 2519 922 2560 1
943 2519 1137 2562 secretionis
1160 2521 1226 2577 1547
1246 2509 1267 2562 ¹.

446 2623 596 2678 Araozr'us
608 2624 646 2677 ab
655 2624 780 2696 ignatio
792 2629 915 2680 meatur
929 2623 1019 2678 totius
1032 2609 1202 2695 Hispaniae
1211 2625 1401 2696 praepositus
1410 2625 1622 2698 provincialis.

923 2845 927 2853 ,
996 2740 1063 2861 llis.

485 2929 640 3016 [gnatius
659 2930 704 2997 de
726 2929 866 3015 Loyola‚
888 2928 1069 2996 Societatis
1085 2932 1168 3015 Jesu
1189 2940 1202 2968 ²
1223 2929 1437 3015 praepositus
1454 2929 1636 3015 generalis,

417 3044 542 3111 dilecto
561 3044 661 3111 nobis
680 3044 717 3110 in
738 3044 798 3111 X.⁰
819 3044 889 3110 filio
909 3043 1083 3111 licentiato
1103 3046 1256 3112 Antonio
1277 3030 1319 3139 de
1340 3047 1465 3127 Araoz,
1488 3044 1637 3113 eiusdem

417 3161 601 3229 Societatis
618 3161 724 3242 socio,
742 3162 887 3228 salutem
904 3160 941 3226 in
956 3160 1105 3245 Domino
1119 3161 1371 3247 sempiternam.

482 3279 572 3342 Cum
588 3276 762 3342 minimam
778 3279 867 3341 hanc
880 3276 1086 3345 Societatem
1100 3278 1142 3343 de
1158 3298 1220 3343 sua
1233 3276 1464 3343 misericordia
1476 3280 1640 3364 prouehat

373 3418 376 3423 ·
416 3414 457 3457 ac
473 3392 641 3458 diffundat
656 3391 758 3458 latius
775 3392 933 3458 Christus
952 3395 1054 3481 Jesus
1077 3393 1121 3457 ad
1145 3392 1303 3459 maiorem
1328 3392 1471 3479 gloriam
1496 3392 1640 3459 nominis

416 3508 482 3591 sui,
500 3527 564 3592 pro
579 3506 712 3574 ratione
728 3506 830 3573 officii
847 3506 954 3573 nostri
972 3506 1006 3572 in
1022 3506 1171 3573 Domino
1187 3508 1403 3573 decreuimus
1416 3508 1640 3593 (quandoqui·
1659 3552 1666 3575 .

416 3624 494 3688 dem
511 3624 599 3688 hanc
615 3621 798 3687 habuimus
818 3644 860 3689 ex
883 3622 1098 3708 benignitate
1119 3622 1209 3688 sedis
1230 3623 1438 3707 apostolicae
1459 3624 1640 3690 auctorita-

419 3738 497 3823 tem)
511 3738 700 3823 praefectos
717 3737 943 3823 prouinciales
959 3758 1074 3805 creare
1086 3758 1126 3804 ac
1141 3738 1317 3822 deputare,
1333 3738 1391 3822 qui
1404 3750 1534 3825 partem
1548 3740 1640 3804 labo-

418 3852 464 3918 ris
480 3863 515 3920 et
531 3852 638 3918 nostri
654 3852 767 3919 oneris
784 3851 972 3939 suscipiant
988 3852 1021 3917 in
1040 3852 1187 3919 Domino
1204 3874 1243 3919 ac
1259 3853 1388 3921 leuent.

472 4059 487 4099 b
524 4056 628 4111 Etiam
641 4073 737 4109 manu
755 4055 785 4110 S.
801 4056 928 4128 ignatii,
945 4060 978 4110 ut
993 4057 1148 4111 calamum
1161 4057 1367 4127 experiretur:
1381 4056 1421 4111 La
1439 4059 1506 4112 msa.
1522 4056 1564 4111 La
1576 4058 1641 4112 mla.

419 4163 485 4217 seg.
499 4145 665 4200 Miserable.
681 4162 759 4200 nunc
770 4144 811 4199 di.
826 4162 904 4200 nunc
917 4144 1028 4200 dimitis
1045 4149 1145 4201 seruit.

472 4251 486 4277 a
523 4234 558 4288 [n
572 4233 669 4289 altero
682 4234 815 4306 exemplo
831 4232 941 4307 (Epist.
955 4235 1116 4307 diversor.)
1131 4234 1270 4289 additur:
1284 4235 1341 4302 Dei
1354 4242 1384 4289 et
1397 4244 1515 4289 sanctae
1528 4242 1641 4307 aposto·

420 4323 494 4379 licee
506 4322 586 4378 sedis
603 4323 699 4393 gratia
712 4322 853 4378 canonice
867 4322 1029 4379 institutae.

475 4502 487 4573 ξ
522 4500 636 4571 Gaspar
648 4498 792 4571 Quiroga?
804 4500 851 4556 Cf.
867 4500 963 4572 Epist.
978 4501 1103 4565 Miserae,
1118 4502 1140 4572 1,
1154 4498 1216 4571 374.

474 4589 483 4619 ¹
519 4589 564 4643 Ex
576 4586 678 4643 codice
692 4589 809 4645 Decret.
823 4594 852 4644 et
864 4591 965 4655 insta,
980 4606 1094 4662 apogr„
1112 4588 1161 4645 sol.
1179 4588 1247 4645 18v.
1269 4588 1357 4645 Aliud
1376 4596 1473 4645 exstat
1493 4606 1595 4661 apogr.
1614 4586 1640 4641 in

420 4676 522 4733 codice
536 4674 632 4750 Epist.
645 4678 804 4743 diversor„
818 4698 847 4733 n.
861 4678 1049 4744 8.-Cartas,
1063 4698 1093 4735 n.
1108 4678 1216 4733 CXIX.
