3625 5400
788 482 900 534 204
1541 457 1955 518 Menona-ra
1991 458 2348 515 leuatum

852 614 940 682 Di
972 612 1373 700 Portugallo
1406 631 1543 677 non
1572 609 1912 697 possiamo
1943 607 2222 676 scriuer'
2259 609 2330 674 in
2362 608 2586 694 poche
2618 607 2849 693 parole
2879 606 2928 672 il
2949 609 3166 674 frutto

716 738 848 798 che
880 730 940 798 si
972 734 1060 810 Γῆς
1100 725 1329 814 perch*
1368 726 1541 793 oltre
1579 725 1694 791 del
1730 739 2051 791 commun
2091 725 2306 789 frutto
2346 724 2478 790 che
2517 722 2575 790 si
2619 723 2684 789 fa
2726 722 2840 790 nel
2883 723 3161 810 populo,
3239 776 3250 787 .

720 846 916 934 quasi.
948 846 1164 914 anche
1196 841 1355 909 tutti
1385 841 1434 907 li
1465 838 1683 928 gentil
1716 837 1976 906 nomini
2005 836 2285 926 giouani
2315 838 2494 904 della
2533 847 2719 905 corte
2758 838 2871 907 del
2900 859 2974 905 re
3003 848 3074 904 et
3103 838 3168 905 le

720 966 920 1030 dame
976 962 1032 1026 si
1088 959 1513 1037 0001033300,
1560 955 2105 1035 communicanO,
2148 969 2218 1022 et
2271 955 2496 1021 odono
2550 952 2599 1018 il
2643 975 2957 1022 sermone
3001 953 3167 1040 ogni

728 1078 1032 1158 uenerdi;
1064 1090 1132 1142 et
1163 1077 1360 1142 Mtro.
1384 1071 1664 1142 Simone
1689 1071 1781 1136 ha
1805 1079 2211 1138 conuersato
2234 1070 2305 1136 in
2328 1068 2656 1137 essercitii
2679 1068 3012 1155 spirituali
3035 1090 3167 1137 con

724 1198 788 1258 la
822 1194 1076 1262 maesta
1112 1189 1285 1258 della
1320 1187 1558 1275 regina
1587 1196 1658 1254 et
1689 1207 1824 1252 con
1855 1186 2066 1253 molte
2104 1185 2279 1252 delle
2319 1184 2438 1271 pin
2482 1183 2771 1252 sauorite
2809 1186 3008 1252 dame
3048 1207 3172 1253 sue

720 1334 852 1374 con
892 1330 1060 1394 gran
1100 1310 1308 1372 frutto
1339 1303 1498 1369 dell'
1531 1299 1755 1369 anime
1784 1301 1955 1383 loro;
1981 1311 2051 1367 et
2081 1300 2147 1366 la
2171 1301 2426 1368 maesta
2450 1300 2560 1367 del
2592 1322 2667 1369 re
2691 1302 2730 1366 e
2755 1310 2950 1367 tanto
2974 1302 3172 1368 affet-

728 1426 988 1490 tionato
1020 1425 1152 1490 alla
1180 1417 1605 1505 Compagnia
1637 1437 1760 1504 per
1789 1415 1835 1481 l'
1867 1438 2057 1484 amor
2094 1417 2204 1483 del
2245 1416 2565 1504 Signore,
2596 1419 2729 1482 che
2770 1436 2910 1482 000
2952 1415 3010 1482 si
3049 1437 3173 1502 po·—

732 1542 964 1606 trehbe
996 1538 1144 1606 [lire
1172 1535 1585 1616 facilmente,
1621 1543 1690 1602 et
1713 1533 1970 1620 spende
1994 1554 2123 1599 000
2148 1534 2294 1599 loro
2319 1542 2577 1617 quanto
2596 1531 2966 1623 uoglionO„
2982 1532 3063 1599 Li
3084 1535 3176 1599 ha

724 1658 888 1722 dato
924 1678 1012 1718 un
1048 1648 1457 1720 monasterio
1487 1670 1618 1716 con
1650 1648 1948 1715 ducento
1987 1647 2182 1714 scudi
2220 1646 2286 1714 d’
2327 1657 2616 1714 entrata:
2653 1646 2690 1714 ὲ
2730 1668 2852 1733 per
2885 1646 3025 1714 fare
3082 1668 3175 1712 un

728 1770 1048 1854 collegio,
1084 1765 1385 1834 secondo
1418 1762 1739 1830 hauiamo
1770 1761 1996 1830 inteso
2028 1785 2150 1849 per
2178 1763 2420 1830 lettere
2449 1761 2518 1827 di
2553 1765 2755 1829 Mtro.
2793 1761 3076 1830 Simone
3103 1774 3176 1827 et

736 1886 1060 1950 relatione
1096 1891 1278 1947 certa
1308 1879 1378 1946 di
1408 1899 1698 1965 persone
1728 1881 1858 1946 che
1891 1899 2212 1965 uengono
2242 1877 2314 1944 di
2344 1879 2411 1944 la
2449 1878 2521 1943 ¹³.

868 2002 972 2066 De
1004 2002 1048 2062 Γ
1088 1995 1274 2063 ludia
1305 1992 1709 2082 aspettiamo
1739 1994 1981 2061 lettere
2012 1993 2060 2059 il
2091 1993 2500 2062 Settembre.

868 2114 952 2182 Di
986 2114 1238 2195 Aram,
1274 2114 1383 2178 eh'
1420 2112 1459 2178 ἑ
1489 2111 1741 2177 andato
1774 2109 1848 2176 in
1883 2110 2278 2178 Barcellona
2309 2131 2440 2176 000
2481 2111 2614 2178 (100
2661 2110 2886 2196 Diego
2929 2112 3001 2190 ¹³,
3038 2131 3180 2176 non

736 2230 1052 2298 hauiamn
1088 2230 1387 2294 anchora
1416 2228 1679 2293 hauuto
1710 2226 1978 2294 lettere.

868 2346 952 2414 Di
1012 2340 1409 2429 Enbadiglia
1450 2340 1750 2428 sapiamo
1791 2343 1925 2409 che
1964 2363 2086 2428 per
2124 2341 2345 2428 gratia
2382 2342 2496 2409 del
2542 2327 2841 2429 Signore
2880 2345 2970 2409 ha
3012 2344 3182 2409 fatto

732 2466 916 2526 buon
952 2465 1164 2526 frutto
1194 2457 1266 2523 in
1297 2457 1545 2528 alcune
1583 2477 1874 2543 persone
1914 2456 2330 2544 particulari,
2380 2458 2606 2523 dando
2646 2457 2976 2525 essercitii
3009 2480 3050 2523 a
3079 2459 3183 2524 al-

732 2578 896 2642 0001
928 2570 1234 2642 canoni&
1267 2582 1337 2641 et
1366 2571 1521 2639 altri
1553 2570 1913 2652 sacerdoti,
1955 2572 2408 2638 confessando
2449 2575 2746 2640 anchora
2785 2572 2976 2638 molti
3006 2573 3186 2640 della

736 2702 924 2758 corte
980 2690 1088 2758 del
1132 2710 1203 2754 re
1245 2687 1333 2757 de
1372 2686 1657 2767 romani,
1704 2685 1751 2752 il
1790 2686 1993 2772 quale
2032 2689 2122 2754 ha
2164 2688 2398 2754 uoluto
2430 2689 2558 2755 che
2597 2685 2759 2754 uadi
2799 2688 2906 2755 001
2946 2709 3184 2775 campo

736 2827 888 2887 500,
924 2807 1056 2875 che
1088 2807 1328 2871 adesso
1358 2802 1417 2870 si
1460 2803 1527 2869 fa
1571 2805 1795 2868 contr'
1842 2802 1865 2867 i
1899 2801 2149 2884 turchi;
2186 2802 2283 2889 gli
2313 2806 2404 2870 ha
2442 2805 2615 2869 fatto
2658 2805 2923 2890 grande
2952 2826 3183 2871 carez-

744 2943 820 2987 ze
852 2935 988 2989 ete.
1040 2923 1116 2987 ss..
1416 2986 1421 2990 ,

876 3039 1132 3103 Mastro
1156 3034 1383 3121 Giayo
1415 3035 1522 3101 001
1554 3035 1782 3100 dottor
1803 3034 2013 3103 Scoto
2042 3036 2092 3069 ¹³
2115 3055 2191 3102 se
2221 3036 2454 3102 hanno
2476 3057 2517 3101 a
2540 3037 2830 3103 fermare
2853 3057 2976 3122 per
2999 3056 3189 3103 eom-

740 3151 1056 3219 missione
1088 3151 1197 3216 del
1229 3149 1471 3216 nuntio
1502 3159 1572 3215 et
1603 3148 1841 3216 ordine
1872 3147 1940 3214 di
1974 3149 2045 3218 S.
2080 3150 2152 3217 S.
2207 3148 2278 3215 in
2311 3149 2708 3232 Ratisbona,
2759 3162 2829 3218 et
2875 3151 3055 3220 nelle
3085 3150 3188 3217 al-

744 3283 844 3331 tre
876 3267 1040 3331 citt&
1075 3266 1252 3335 nella
1283 3263 1505 3333 riuera
1536 3264 1648 3333 del
1680 3264 2026 3345 DanubiO,
2062 3275 2132 3334 et
2163 3265 2303 3331 fino
2343 3265 2585 3332 adesso
2625 3269 2779 3332 han'
2802 3267 2971 3333 fatto
3001 3268 3192 3332 buon

752 3383 984 3447 rit-utto.
1763 3447 1768 3452 .

883 3499 1080 3563 Mtro.
1116 3497 1336 3562 Fabro
1366 3494 1608 3582 gionse
1639 3516 1680 3561 a
1705 3493 1907 3581 Spira
1937 3494 2052 3560 alli
2086 3514 2161 3578 13
2195 3495 2262 3560 di
2289 3494 2550 3581 Aprile,
2579 3506 2648 3565 et
2681 3518 2801 3583 per
2830 3496 2878 3561 il
2908 3495 3190 3583 uiaggio

751 3611 788 3675 ἰΙ
824 3611 1060 3695 signos
1092 3611 1222 3677 Dio
1252 3591 1345 3676 ha
1378 3610 1550 3676 fatto
1582 3631 1700 3695 per
1740 3609 1838 3676 lui
1876 3609 2054 3678 assai
2087 3611 2322 3677 frutto.
2365 3611 2642 3706 *Adesso
2680 3612 2863 3679 tiene
2893 3610 2964 3677 in
2995 3634 3194 3680 exer-

744 3779 988 3835 ffiernia
1044 3779 1391 3851 igtmtiana,
1443 3777 1503 3832 ff.
1542 3777 1627 3833 IV
1670 3786 1731 3832 et
1771 3777 1888 3846 6-83
1941 3778 2161 3851 [PRAT]
2211 3779 2532 3835 Mdmoires
2558 3785 2722 3853 pour
2770 3780 3062 3835 l'histoire
3109 3782 3194 3835 du

752 3871 824 3923 P.
856 3871 1060 3931 Emer,
1091 3867 1148 3923 ff.
1180 3864 1365 3936 58-60.

860 3963 900 3991 ²²
976 3959 1044 4011 In
1060 3939 1285 4011 Italiam
1304 3973 1579 4012 reversus
1600 3954 1790 4012 fuerat
1810 3956 2146 4028 Stephanus
2165 3958 2489 4029 BaroelluS,
2503 3958 2858 4026 POLANCUS,
2876 3956 3120 4024 Chron„
3143 3959 3193 4027 1,

748 4051 836 4115 *33*
868 4067 924 4099 n.
956 4047 1044 4115 Ξῖ.
1075 4047 1160 4099 De
1187 4046 1581 4112 portugalliae
1606 4043 1787 4101 rebus
1812 4044 1886 4101 ad
1910 4047 2064 4101 hunc
2089 4063 2307 4102 annum
2332 4046 2456 4117 agit
2482 4046 2610 4119 ipse
2630 4047 2741 4102 100.
2763 4047 2892 4117 cit.,
2911 4064 3045 4119 pag.
3075 4061 3196 4118 104,

755 4155 812 4191 n·
844 4151 932 4203 45

864 4227 908 4255 *²
980 4223 1044 4281 Ρ.
1076 4221 1333 4279 Didacus
1356 4221 1434 4278 de
1459 4223 1668 4294 Eguia.

864 4315 904 4343 Η
956 4315 1219 4379 Boane),
1260 4313 1397 4367 Vita
1419 4312 1586 4369 del...
1615 4312 1689 4371 P.
1719 4313 1929 4369 Nicold
1953 4314 2344 4388 Bobadiglia,
2383 4315 2484 4370 lib.
2515 4315 2563 4383 1,
2588 4332 2718 4387 cap.
2753 4311 2810 4371 3.

864 4403 908 4435 ¹⁵
980 4403 1044 4455 Ρ
1076 4399 1353 4455 Claudius
1379 4400 1544 4473 Jajus
1570 4410 1631 4458 et
1657 4403 1763 4458 Dr.
1790 4404 2088 4459 Robertus
2115 4405 2441 4475 Wauchop,
2468 4421 2504 4458 a
2527 4404 2714 4475 patria
2745 4403 2939 4460 dictus
2964 4403 3197 4470 800013,

752 4487 1225 4559 archiepisc-:opus
1249 4491 1651 4547 armachanae.
1678 4490 1774 4548 Cf.
1801 4490 2240 4564 ORLANDINUS,
2271 4493 2372 4561 111,
2400 4493 2495 4563 61,
2527 4493 2788 4548 62.—De
2813 4491 2905 4548 his
2929 4509 3000 4547 ae
3024 4492 3100 4547 de
3123 4494 3202 4547 le-

748 4579 988 4647 gatione
1020 4578 1259 4647 joannis
1282 4578 1509 4635 Moroni
1544 4579 1681 4636 vide
1714 4582 1913 4653 PRAT,
1944 4582 2021 4637 Le
2049 4582 2202 4638 Ρὲνε
2233 4580 2462 4639 Claude
2497 4582 2550 4638 le
2573 4582 2717 4654 Jay,
2748 4582 2850 4638 lib.
2879 4582 2953 4647 Π,
2990 4597 3116 4654 cap.
3152 4594 3201 4649 1;

760 4671 992 4735 BURRO,
1040 4668 1381 4725 wandel...
1410 4669 1484 4723 P.
1518 4669 1777 4727 Claudio
1789 4672 1964 4743 Jaio,
1993 4672 2094 4728 lib.
2125 4674 2173 4741 1,
2201 4689 2330 4744 cap.
2359 4684 2418 4739 5.
