3625 5400
521 1027 767 1110 NOTITIA
794 1024 1067 1108 CODICUM
1113 1095 1118 1102 .

224 1177 269 1222 Ex
286 1175 425 1236 QUIBUS
443 1177 665 1226 DOCUMENTA
682 1179 719 1224 IN
736 1178 809 1225 HOC
826 1177 944 1224 OPERE
960 1177 1070 1225 EDITA
1086 1177 1357 1226 DEPROMUNTUR

715 1287 873 1300 ..n-—

237 1426 414 1500 Antequam
427 1429 467 1486 ad
486 1429 673 1505 singulorum
691 1430 833 1487 codicum
854 1429 1091 1503 descriptionem
1111 1428 1277 1499 veniamus
1299 1446 1399 1502 pauca

179 1525 217 1582 de
232 1525 377 1583 omnibus
391 1528 590 1584 communiter
604 1533 674 1585 sunt
688 1527 967 1585 animadvertenda:

243 1639 266 1681 1.
310 1623 442 1682 Codices
457 1642 564 1682 omnes
578 1643 596 1682 a
610 1625 699 1683 nobis
713 1625 839 1684 adhibiti
853 1626 1004 1684 chartacei
1018 1633 1097 1682 sunt.

238 1737 266 1779 2.
310 1721 360 1780 Ad
386 1722 523 1788 ordinem
547 1723 632 1796 quod
654 1725 759 1782 attinet
783 1725 813 1781 in
842 1740 948 1781 eorum
976 1722 1179 1796 descriptione
1206 1723 1400 1792 servandum,

181 1821 276 1892 primo
292 1821 361 1878 loco
377 1821 443 1878 illos
457 1821 581 1878 codices
596 1839 755 1895 ponemus,
770 1823 821 1895 qui
836 1822 875 1879 ad
895 1821 1078 1879 Societatem
1093 1822 1253 1894 pertinent,
1273 1829 1303 1877 et
1324 1822 1400 1877 anti-

180 1919 281 1990 quitus
296 1920 326 1974 in
341 1917 495 1976 tabulariis
510 1919 697 1977 diversarum
711 1919 873 1978 domorum
891 1917 1050 1977 Societatis
1066 1918 1139 1991 Jesu
1158 1918 1399 1976 asservabantur.
1469 1985 1475 1996 ⁸

180 2014 300 2072 Initium
314 2033 333 2072 a
346 2014 494 2072 tabulario
513 2033 639 2072 romano
661 2016 815 2087 iaciemus3
837 2017 948 2074 deinde
970 2023 1106 2073 caeteros
1119 2015 1355 2086 recensebimus,
1369 2016 1399 2072 in

180 2113 277 2170 varias
288 2113 395 2182 series,
410 2130 466 2186 pro
480 2115 569 2170 variis
584 2113 766 2185 nationibus,
781 2114 832 2172 ubi
847 2115 1045 2188 reperiuntur,
1059 2113 1244 2170 distributos.

239 2226 265 2283 3.
310 2207 553 2283 Descriptionem
568 2211 717 2283 cujusque
732 2211 846 2267 codicis
861 2209 1025 2284 praecedit,
1039 2209 1143 2266 litteris
1161 2209 1269 2268 italicis
1286 2218 1399 2281 notata,

180 2305 400 2379 compendiosa
415 2305 551 2378 formula,
566 2323 626 2379 qua
641 2315 760 2365 utemur
774 2308 803 2364 in
818 2291 979 2384 allegando
993 2323 1182 2380 unoquoque
1196 2307 1312 2364 codice.

235 2421 264 2476 4
307 2403 520 2462 Dimensiones
547 2405 688 2462 codicum
716 2406 955 2480 compositorum
982 2406 1181 2464 desumuntur
1201 2422 1242 2462 ex
1263 2407 1398 2479 ipsorum

178 2502 340 2576 operculis.

241 2612 268 2672 5.
311 2600 370 2658 Hic
385 2608 502 2658 tantum
516 2599 730 2658 describuntur
748 2602 871 2660 codices
886 2600 1051 2659 adhibendi
1072 2601 1102 2658 in
1124 2601 1180 2656 hac
1202 2599 1298 2674 prima
1319 2599 1397 2656 serie

179 2709 454 2770 monumentorum,
469 2717 548 2773 quae
563 2693 697 2773 epistolis
712 2702 902 2774 potissimum
917 2708 947 2757 et
967 2698 1214 2757 instructionibus
1235 2698 1264 2755 S.
1288 2698 1396 2774 Ignatii

178 2806 416 2873 coagmentatur.
432 2796 564 2855 Codices
577 2806 679 2855 antem
693 2799 723 2854 in
738 2798 936 2871 sequentibus
950 2797 1085 2856 seriebus
1099 2796 1275 2869 usurpandi,
1285 2798 1397 2870 rejecta

178 2896 215 2952 ad
231 2897 388 2971 proprium
402 2897 503 2954 locum
518 2896 636 2955 illorum
649 2896 863 2971 descriptione,
878 2898 927 2954 hic
946 2896 1107 2955 dumtaxat
1120 2894 1204 2951 brevi
1219 2895 1397 2952 recensione

178 3004 328 3054 notamus.

235 3095 265 3151 6.
308 3092 372 3151 Sub
387 3094 503 3151 codicis
516 3094 763 3154 denominatione
777 3112 839 3151 non
855 3095 953 3151 solnm
968 3094 1060 3151 libros
1073 3111 1165 3151 manu
1185 3094 1322 3166 scriptos,
1341 3093 1396 3149 sed

177 3192 338 3250 fasciculos
352 3192 556 3265 epistolarum,
571 3200 601 3249 et
614 3192 687 3250 alias
701 3192 812 3251 similes
827 3200 1092 3251 monumentorum
1106 3191 1302 3249 collectiones
1315 3190 1396 3247 desi·

177 3306 270 3363 gnare
285 3290 405 3363 placuit.

236 3404 262 3461 7.
306 3386 446 3445 Tandem
462 3386 636 3445 «Romanos
651 3388 792 3445 codices»
808 3388 1009 3459 nominamus,
1023 3394 1088 3445 tum
1102 3405 1166 3457 eos,
1177 3387 1230 3459 qui
1241 3403 1322 3444 nune
1334 3385 1395 3443 Ro-

177 3502 243 3543 mae
262 3492 465 3556 asservantur,
485 3486 659 3543 tumeliam
678 3486 796 3559 aliquos
815 3485 890 3563 (non
909 3494 1010 3543 autem
1032 3483 1160 3562 omnes),
1184 3486 1235 3558 qui
1261 3485 1331 3541 olim
1356 3484 1395 3541 ad

177 3584 332 3641 archivum
346 3600 504 3641 romanum
524 3584 682 3641 Societatis
700 3584 772 3657 lesu
794 3583 994 3659 pertinebant.
1016 3583 1073 3640 His
1094 3584 1242 3657 exceptis,
1263 3582 1395 3652 codices,

176 3682 227 3752 qni
241 3688 313 3738 sunt
326 3697 422 3755 penes
440 3680 622 3739 Societatem
638 3682 719 3755 Jesu,
738 3684 820 3739 varie
841 3682 1042 3751 nominantur3
1058 3682 1196 3753 quivero
1217 3682 1247 3737 in
1267 3679 1395 3754 publicis

176 3786 299 3835 exstant
311 3777 475 3850 tabulariis,
490 3780 508 3836 ii
524 3778 563 3836 ab
578 3779 713 3852 urbibus,
728 3780 780 3838 ubi
796 3787 998 3850 asservantur,
1013 3796 1125 3835 nomen
1140 3779 1300 3851 accipiunt.

503 3993 680 4053 CODICES
700 3994 945 4053 SOCIETATIS
964 3994 1059 4069 JESU

360 4107 513 4160 Qu1onnu
534 4108 567 4150 m
593 4109 772 4152 rnnunnnio
793 4110 927 4151 nomano
950 4106 1217 4151 Assanvannuaun

438 4206 477 4249 nn
498 4206 605 4250 annuc
627 4206 722 4249 eunus
742 4208 940 4250 sociamini
959 4206 1131 4249 nansnaun

703 4332 814 4395 Codex
833 4335 864 4395 1.

233 4466 350 4541 Regest.
374 4470 429 4526 Est
450 4468 588 4527 collectio
610 4469 814 4543 epistolarum,
836 4487 916 4542 quae
936 4470 1034 4527 Roma
1055 4470 1094 4527 ad
1116 4470 1215 4527 varias
1236 4469 1394 4527 Societatis

176 4566 354 4639 provincias,
369 4568 479 4625 domos
493 4575 524 4625 et
538 4584 685 4641 personas
700 4584 717 4624 a
732 4566 761 4626 S.
777 4568 905 4644 lgnati0,
919 4568 967 4624 vel
982 4570 1048 4643 ejus
1062 4569 1195 4637 nomine,
1209 4576 1240 4624 et
1252 4567 1392 4623 deindea

178 4660 207 4719 P.
223 4662 333 4723 Lainez
347 4664 551 4738 mittebantur,
565 4666 681 4741 integre
700 4666 748 4722 vel
770 4666 989 4739 compendiose
1009 4674 1273 4740 transumptarum.
1296 4664 1392 4738 Quin-
