3625 5400
413 507 465 568 572
692 484 695 488 ’
789 501 997 558 Mononnra
1016 500 1195 558 [chisiani

437 652 609 730 Inimptio.
624 651 663 711 ΑΙ
677 653 756 713 Rdo.
770 655 802 712 in
816 652 917 712 Cristo
932 653 1039 726 Padre,
1053 655 1094 712 M.
1109 655 1238 731 Ignatio,
1249 653 1347 712 Padre
1361 653 1508 730 maggior’
1522 653 1603 712 delle

375 749 571 827 Compagnia
584 751 635 810 del
649 750 752 824 Giesh,
765 753 798 810 in
812 753 920 811 Roma.

435 847 567 906 Polanoi
578 865 679 907 manu.
701 849 748 907 La
761 865 854 908 causa
867 866 923 924 per
936 851 993 908 che
1008 850 1040 908 iu
1054 849 1232 908 dimandato
1248 846 1378 907 Claudio
1398 865 1454 922 per
1467 847 1603 908 Ferrato.

437 943 547 1004 Manet
557 963 630 1005 cera
641 945 747 1021 sigilli.

496 1203 651 1270 PATER
670 1204 885 1291 JOANNES
908 1205 972 1272 DE
997 1203 1223 1272 POLANCO
1247 1203 1309 1271 EX
1333 1203 1485 1272 COMM.

637 1316 787 1376 socns
817 1319 1012 1374 aarsvn
1043 1316 1339 1376 accersamus

786 1429 875 1473 aona
894 1430 911 1486 7
930 1429 1069 1474 incussi
1090 1429 1159 1487 1547
1176 1416 1197 1470 ¹.

376 1513 415 1569 In
428 1514 550 1569 laudem
559 1515 722 1588 religiosae
730 1516 925 1587 paupertatis
933 1515 1065 1580 disserit,
1076 1517 1269 1588 argumentis
1278 1532 1314 1570 eu
1323 1515 1410 1569 itlius
1418 1513 1605 1577 excellentia,

431 1601 565 1659 utilitate
577 1620 613 1658 ac
625 1603 819 1658 delectatione
827 1605 1029 1675 petitis-Aet
1042 1621 1087 1672 ea,
1102 1621 1180 1675 quae
1194 1607 1407 1677 paupertatem
1424 1619 1605 1674 comaquun-

431 1694 494 1756 tur,
508 1692 655 1747 alacriter
663 1691 852 1764 perferenda
861 1693 1026 1765 patavinae
1038 1693 1131 1748 socios
1139 1695 1293 1751 hortatur.

446 1808 495 1875 La
511 1807 623 1894 gratia
639 1818 673 1876 et
689 1829 805 1877 amore
825 1830 907 1877 uero
923 1810 966 1876 de
987 1809 1062 1876 Iesh
1083 1807 1148 1876 X.⁰
1170 1811 1207 1878 S.
1230 1811 1276 1879 N.
1298 1830 1432 1895 sempre
1452 1807 1503 1874 sia
1525 1805 1606 1874 nelli

378 1923 477 1990 cuori
492 1923 600 1991 nostri
616 1933 652 1992 et
667 1922 694 1991 s’
711 1936 896 2012 augmenta
911 1924 994 2011 ogni
1006 1925 1042 1992 di
1054 1924 1167 1992 insino
1184 1948 1204 1993 a
1219 1926 1252 1992 la
1267 1923 1527 1992 consumatione
1542 1945 1606 1990 no-

381 2049 465 2108 stra.
483 2040 609 2107 Amen.
915 2111 918 2121 .
1148 2039 1151 2045 '

450 2153 652 2224 charissimi
666 2156 703 2223 in
718 2155 796 2226 iesi
811 2157 876 2223 xa
893 2157 995 2224 Padn'
1012 2137 1045 2224 ei
1061 2169 1076 2197 ·
1092 2156 1213 2226 fratelli
1233 2155 1455 2225 dilectissimi.

448 2274 527 2340 Vna
541 2273 662 2341 lettera
677 2272 709 2339 ci
724 2294 812 2340 vene
828 2273 893 2340 alle
904 2293 1006 2339 mane
1018 2273 1075 2342 del
1086 2284 1203 2340 nostro
1215 2283 1250 2339 et
1261 2283 1378 2339 vostro
1391 2272 1507 2340 Pietro
1518 2273 1606 2340 San-

382 2387 460 2471 tini,
479 2387 606 2475 scripta
622 2389 653 2454 al
669 2390 709 2455 Ρ.
729 2391 831 2456 Mtte.
845 2388 1009 2474 ''Laynez
1021 2411 1041 2455 a
1053 2389 1208 2472 Firenza,
1222 2387 1311 2456 nella
1322 2389 1424 2475 quale
1436 2389 1486 2455 tra
1497 2399 1511 2428 ⁰
1522 2388 1608 2456 altre

381 2525 465 2573 cose
480 2503 509 2569 si
524 2502 540 2543 ‘³
554 2505 789 2572 entendesimo
804 2506 827 2570 l’
841 2527 937 2573 amor
947 2506 992 2574 de
1003 2505 1036 2571 la
1047 2485 1202 2591 ponenti,
1216 2506 1316 2590 quale
1327 2504 1464 2573 habiate
1476 2515 1488 2544 0
1500 2505 1609 2572 electa

385 2639 447 2705 per
462 2639 557 2685 amor
573 2618 616 2687 de
631 2619 739 2688 Giesh
755 2619 817 2688 X.⁰
829 2640 977 2708 pouero.
990 2622 1069 2687 Non
1082 2623 1218 2687 haueua
1229 2619 1427 2687 foccasione
1440 2643 1459 2686 a
1471 2620 1503 2686 le
1514 2621 1608 2686 uolte

384 2734 419 2799 di
445 2734 620 2802 mostrarsi
640 2737 664 2801 l’
686 2738 809 2805 effecto
829 2736 863 2803 di
884 2737 973 2823 patir
993 2738 1138 2822 qualche
1158 2750 1396 2805 maneamento
1416 2738 1505 2805 delle
1525 2756 1609 2803 cose

383 2849 589 2932 necessarie,
607 2873 675 2917 non
692 2850 720 2917 si
736 2852 927 2919 stendendo
943 2862 1039 2918 tanto
1054 2854 1087 2918 la
1104 2852 1243 2932 saeuite,
1258 2863 1385 2937 quanto
1396 2854 1421 2917 1'
1439 2852 1552 2918 animo
1569 2852 1610 2917 li-

384 2965 500 3033 berale
515 2975 550 3032 et
566 2966 769 3033 charitatiuo
784 2967 828 3033 de
843 2964 1043 3053 monsignor
1059 2968 1147 3035 della
1160 2966 1290 3034 Trinita
1303 2966 1328 3032 ².
1345 2968 1484 3036 Benchi
1497 2990 1517 3033 a
1533 2988 1610 3053 per-

382 3100 483 3162 sone,
502 3083 566 3147 che
586 3080 616 3148 si
636 3080 815 3162 ricordano
835 3082 891 3149 del
912 3092 1002 3148 stato
1021 3103 1096 3163 suc,
1119 3094 1154 3150 et
1175 3085 1292 3149 hanno
1312 3082 1425 3149 inanzi
1441 3080 1463 3147 li
1480 3081 1572 3148 ochii
1592 3104 1612 3149 a

436 3300 451 3327 ⁸
469 3284 695 3340 Desiderantur
712 3288 824 3341 ultima
840 3288 901 3342 duo
914 3287 1004 3342 verba
1021 3288 1055 3343 in
1067 3288 1165 3342 altero
1182 3287 1326 3360 exempto.
1349 3288 1491 3353 Advorte,
1509 3287 1542 3342 in
1559 3289 1613 3343 hoc

380 3374 518 3444 exempto
527 3378 587 3446 pro
598 3374 626 3429 ci
638 3380 755 3448 semper
764 3379 928 3447 perperam
949 3376 1041 3431 scribi
1057 3376 1094 3448 si,
1107 3378 1187 3447 quod
1204 3378 1445 3443 emendavimus;
1463 3378 1497 3432 in
1514 3377 1612 3431 attero

382 3462 520 3534 exemplo
529 3468 607 3517 recte
614 3469 732 3535 semper
740 3464 894 3519 scribitur.
929 3466 979 3541 -h
989 3465 1078 3521 Deest
1085 3466 1138 3520 hoc
1149 3466 1272 3521 verbum
1283 3466 1317 3519 in
1325 3466 1416 3520 alter.
1427 3482 1472 3521 ex.
1512 3479 1559 3508 -0
1569 3464 1613 3521 fra

382 3550 403 3604 l'
414 3549 503 3606 alter.
514 3568 560 3605 ex.
598 3553 648 3594 —d
665 3550 751 3606 Deest
759 3554 813 3607 hoc
821 3553 945 3608 verbum
956 3554 990 3607 in
1000 3554 1090 3609 atter.
1101 3571 1147 3608 ex.
1187 3569 1234 3597 -e
1244 3554 1330 3626 quale
1341 3555 1447 3609 hauete
1460 3554 1550 3609 alter.
1565 3572 1611 3609 ex.

385 3640 432 3681 -f
448 3656 569 3711 pouero,
581 3655 637 3695 con
649 3641 740 3695 hauer
752 3642 842 3696 alter.
857 3659 903 3697 ex.

386 3827 512 3898 primero
525 3829 664 3882 sehalaba
676 3846 733 3900 que
745 3827 829 3884 fuera
844 3846 902 3885 uno
914 3828 951 3884 de
965 3838 1036 3885 tres:
1048 3830 1103 3885 Ms.
1115 3830 1198 3903 Yayo
1210 3834 1227 3885 6
1237 3830 1291 3885 Ms.
1307 3830 1445 3886 Pascasio
1455 3834 1472 3885 ό
1483 3830 1611 3900 Laynez.

386 3912 461 3970 Pero
479 3918 541 3970 ints
559 3915 702 3987 mirando,
720 3920 737 3971 t
756 3920 784 3973 el
801 3936 822 3990 y
839 3922 855 3973 t
872 3918 957 3973 todos
975 3933 1028 3973 nos
1045 3922 1160 3991 paracta
1180 3936 1238 3991 que
1258 3923 1335 3974 serta
1353 3922 1443 3975 masi
1463 3919 1613 3991 proposito

386 4003 441 4057 Me.
455 4002 540 4073 Yayo
553 4020 606 4075 por
618 4006 661 4059 las
673 4007 774 4077 letrae,
787 4004 871 4075 edad,
887 4008 995 4078 lengun
1006 4024 1026 4079 y
1040 4007 1143 4062 naaion
1155 4007 1216 4061 cari
1229 4005 1374 4079 francesa,
1387 4024 1408 4077 y
1422 4006 1581 4079 prudencia
1593 4024 1613 4079 y

383 4092 484 4162 grecia
496 4110 516 4162 y
529 4093 608 4147 buen
621 4092 692 4149 odor
704 4112 760 4149 con
773 4096 800 4150 la
813 4094 1021 4151 renunciacion
1038 4095 1086 4151 del
1104 4094 1276 4169 obispado.»
1289 4096 1411 4167 Tomari,
1434 4098 1510 4151 Vidn
1528 4096 1612 4151 rtet...

388 4182 491 4237 Padre
504 4182 603 4255 Diego
619 4182 743 4254 haynau,
757 4183 781 4253 1,
798 4196 859 4253 144.

442 4270 449 4301 ¹
487 4271 531 4324 Ex
541 4270 644 4326 codice
654 4273 772 4328 Deerat.
783 4277 811 4327 et
825 4274 927 4337 insin,
942 4288 1053 4345 apogr.,
1064 4272 1097 4327 ff.
1109 4272 1388 4343 23zv-234.-Aliud
1401 4280 1498 4328 exstat
1512 4287 1612 4344 apogr.

386 4356 418 4412 in
431 4356 534 4413 eodem
544 4359 654 4431 codice,
670 4358 747 4415 foliis
761 4360 855 4417 tribus
869 4361 966 4433 parvis
979 4379 1038 4417 non
1051 4362 1212 4417 numeratis
1225 4370 1255 4417 et
1269 4361 1346 4417 inter
1362 4360 1433 4417 tolia
1452 4362 1504 4415 232
1518 4368 1547 4415 et
1561 4356 1612 4414 233

385 4446 507 4517 assutis,
524 4446 577 4501 sed
594 4448 781 4519 praecedenti
800 4452 892 4505 multo
908 4450 1068 4521 recentius,
1087 4458 1117 4505 et
1135 4450 1172 4505 ad
1190 4450 1306 4505 modum
1319 4450 1398 4524 quod
1419 4450 1525 4506 attinet
1543 4448 1612 4505 scri·

388 4534 489 4601 bandi,
499 4534 562 4591 scil.
577 4554 662 4592 usum
674 4538 825 4609 signorum
833 4540 1056 4611 orthographiae
1067 4548 1098 4595 et
1107 4540 1268 4613 aliquarum
1279 4540 1453 4609 litterarum,
1465 4538 1613 4612 aliquanto

388 4626 455 4695 ptus
468 4623 610 4679 limatum.

441 4716 454 4747 ¹
491 4712 625 4768 Andreas
637 4714 826 4787 Lipomanus.
