3625 5400
631 465 735 521 Error.
758 474 891 535 157.-15
910 464 1027 521 Mirm
1047 475 1116 536 1547
1396 477 1448 538 475

259 621 334 687 diro
351 619 406 689 nel
423 619 571 706 Signore
586 629 704 685 nostro
720 629 851 703 quanto
865 619 898 686 io
914 629 1026 688 sento.
1040 617 1168 686 Primo:
1182 617 1214 686 io
1228 622 1273 686 ho
1285 618 1408 700 intem,
1423 623 1491 690 che

258 737 333 802 loro
348 756 435 802 sono
451 731 637 801 concertati
652 735 697 801 da
710 733 827 800 vnirse
841 755 908 800 eon
922 732 947 800 li
962 733 1070 801 buoni
1082 733 1251 801 sacerdoti
1264 735 1421 803 canonici
1432 759 1488 804 re-

261 850 385 937 gulari,
402 852 469 916 che
484 870 595 916 sonno
611 849 648 916 in
663 849 814 917 venecia
829 870 850 916 e
865 848 1002 937 Napoli,
1020 849 1043 914 li
1060 849 1152 936 quali
1169 852 1284 916 hanno
1296 849 1429 937 origine
1440 851 1490 918 dil

259 969 358 1034 Rm0.
377 965 550 1032 cardinale
570 965 715 1034 Teatino
735 967 760 1032 ⁴.
784 964 836 1032 2.⁰
857 967 1023 1037 Anchora
1046 969 1110 1032 che
1126 967 1159 1034 la
1182 967 1250 1032 tale
1272 965 1400 1037 vnione
1415 988 1485 1034 non

198 1061 208 1082 ⁸
259 1084 352 1160 fosse
367 1095 468 1167 posta
480 1080 517 1148 in
533 1083 668 1161 effecto,
685 1090 722 1148 et
741 1075 968 1150 desiderando
988 1081 1012 1146 li
1033 1080 1091 1150 tali
1112 1081 1281 1149 sacerdoti
1301 1081 1451 1169 regulari
1473 1081 1491 1122 ⁸

262 1197 377 1266 vnirse
392 1216 458 1264 con
479 1197 566 1278 loro,
588 1215 611 1263 o
630 1197 704 1263 loro
723 1217 789 1263 con
808 1196 833 1262 li
854 1195 912 1263 tali
933 1196 1102 1264 sacerdoti
1121 1198 1285 1285 regulari,
1306 1219 1387 1284 pare
1407 1199 1485 1285 che,

261 1313 437 1381 conforme
452 1333 472 1377 a
487 1313 520 1378 la
535 1311 701 1382 modestia
716 1321 751 1379 et
766 1310 911 1378 humiltai
924 1310 984 1380 ch'
1001 1311 1024 1379 il
1042 1312 1191 1401 Signore
1207 1319 1332 1380 nostro
1346 1315 1437 1382 volle
1451 1313 1489 1380 di

260 1427 352 1510 tutti,
369 1449 440 1494 non
454 1427 580 1494 habbia
594 1429 670 1494 loco
685 1428 799 1512 quello
814 1429 882 1496 che
898 1430 941 1496 V.
957 1431 999 1496 R.
1014 1427 1059 1494 m’
1076 1428 1221 1499 escriue.
1241 1431 1292 1514 3.⁰
1310 1431 1354 1496 Et
1370 1429 1398 1496 si
1416 1451 1486 1496 non

262 1547 353 1611 losse
372 1541 503 1610 nissun’
519 1544 645 1610 acordo
662 1543 753 1611 intra
773 1545 859 1624 1010,
881 1566 903 1612 o
924 1543 1067 1630 pratica,
1089 1564 1112 1612 o
1131 1545 1300 1615 desiderio
1321 1545 1484 1629 alchuno,

262 1679 322 1745 per
337 1659 370 1724 la
384 1657 490 1724 molta
504 1657 668 1727 difficulter
684 1657 740 1724 ch’
755 1658 789 1724 io
803 1681 893 1746 vego
908 1659 999 1728 nella
1014 1679 1106 1742 cosa,
1125 1682 1195 1728 non
1210 1671 1309 1729 sento
1324 1681 1405 1729 cosa
1425 1683 1487 1749 per

262 1774 410 1841 trattarsi
441 1795 503 1860 per
533 1774 666 1856 lettere,
697 1774 730 1840 la
759 1776 876 1841 buona
908 1775 1049 1842 volunti
1081 1787 1116 1842 et
1147 1786 1266 1844 sancta
1296 1775 1487 1870 intentione

261 1889 295 1956 di
306 1891 351 1960 V.
370 1891 413 1958 R.
431 1888 606 1976 pigliando
621 1912 642 1957 a
656 1888 716 1976 piri
730 1889 840 1977 gloria
859 1888 990 1971 diuina,
1012 1889 1045 1957 io
1066 1900 1159 1960 resto
1179 1889 1426 1978 obligatissimo
1447 1913 1489 1962 se

150 2001 165 2026 '
259 2007 295 2070 in
311 2006 434 2072 alcuna
449 2025 530 2072 cosa
545 2005 579 2071 lo
594 2005 713 2092 potero
728 2005 849 2073 seruir'
866 2007 922 2072 nel
934 2005 1080 2092 Signore
1093 2017 1225 2089 nostro;
1238 2007 1293 2073 chi
1306 2027 1366 2094 per
1378 2008 1411 2074 la
1423 2029 1487 2075 sua

260 2119 393 2187 infinita
407 2110 443 2189 ei
458 2141 591 2188 summa
606 2122 715 2188 bonta
733 2120 766 2187 ci
780 2119 837 2187 dia
851 2122 885 2188 la
904 2143 968 2188 sua
988 2121 1099 2209 gratia
1119 2122 1268 2208 compita
1283 2122 1358 2191 aeid
1373 2123 1406 2190 la
1421 2143 1484 2190 sua

259 2234 452 2302 sontissima
466 2236 606 2302 volontai
624 2234 795 2317 sintiamo,
814 2246 850 2304 et
869 2237 982 2322 quella
1002 2235 1227 2306 interamenle
1248 2237 1438 2324 compiamo
1456 2239 1481 2306 ⁸.

324 2350 378 2420 De
392 2347 501 2416 Roma
521 2366 559 2434 15
576 2351 620 2417 de
636 2351 751 2435 Marco
772 2365 868 2436 1547.

324 2465 519 2552 Inscriptio.
538 2466 602 2533 Del
620 2467 661 2535 P.
680 2468 774 2554 lgn.⁰
789 2489 810 2534 a
824 2467 891 2534 Fra
907 2467 1100 2534 Francesco
1116 2469 1160 2534 da
1175 2469 1299 2538 Medde
1315 2467 1351 2534 in
1372 2467 1484 2554 rispo—

258 2592 323 2660 sta,
342 2602 363 2646 a
378 2579 564 2668 Peruggia,
582 2602 685 2667 sopra
700 2581 724 2646 l'
741 2581 867 2651 vnione
882 2581 917 2648 di
931 2581 1019 2668 preti
1035 2583 1079 2651 de
1094 2583 1312 2651 Lombardia.

326 2696 471 2761 Polonci
486 2718 607 2763 manu.
625 2698 804 2766 Guardese
818 2703 882 2766 asi.
947 2673 951 2684 ⁸

324 2812 407 2877 Alia
422 2812 526 2878 verda
540 2813 673 2879 nullius
686 2815 827 2881 valoris.

310 2982 325 3023 b
362 2980 526 3053 Sequentia
537 2983 636 3039 decem
649 2982 823 3039 narbasani
835 3000 932 3039 manu
945 2982 975 3039 S.
990 2983 1110 3057 Ignatii
1121 2988 1260 3041 exarata.

311 3133 323 3165 ⁰
359 3131 489 3202 Joannes
501 3130 608 3188 Petrus
620 3131 746 3189 Caraffn.

308 3222 321 3254 ⁸
356 3220 539 3289 PonnucuS,
554 3220 679 3287 chron„
692 3224 718 3295 1,
731 3234 795 3295 212,
808 3223 846 3279 de
857 3230 921 3280 toto
932 3224 989 3281 hoc
1001 3224 1121 3297 negotio
1137 3225 1211 3281 haec
1224 3226 1314 3281 habet
1326 3224 1363 3280 ad
1374 3240 1484 3281 annum

260 3320 338 3378 1547:
353 3310 436 3364 (dioc
448 3309 552 3365 eodem
565 3325 641 3366 anno
654 3319 799 3368 mutatum
812 3310 899 3368 inita
915 3311 1055 3385 religiono
1070 3312 1196 3387 quodam
1213 3320 1244 3368 et
1260 3313 1309 3386 pio
1326 3312 1483 3369 admodum

258 3396 334 3469 viro,
348 3406 381 3453 ut
393 3397 585 3470 congregatio
595 3399 739 3473 quaedam
752 3400 948 3471 sacerdotnm,
961 3400 1011 3475 qui
1022 3402 1052 3458 in
1059 3388 1267 3474 longobardia
1275 3400 1313 3456 de
1323 3400 1482 3456 Someaclia

257 3486 443 3555 dicebantur,
454 3504 521 3543 cum
535 3488 685 3545 Societate
697 3490 841 3546 nostruin
853 3508 944 3547 unum
958 3507 1064 3564 corpus
1077 3491 1219 3561 uniretur3
1234 3490 1287 3546 sed
1299 3490 1333 3545 Ρ.
1351 3488 1485 3561 ignatium

259 3574 392 3631 medente
404 3574 584 3647 significavit
596 3578 655 3633 sibi
666 3578 831 3635 nonvideri
847 3579 885 3636 ad
901 3580 960 3637 Dei
975 3580 1101 3652 gloriam
1119 3578 1149 3635 id
1166 3578 1239 3649 iore;
1260 3578 1337 3636 unde
1356 3578 1400 3635 illi
1415 3592 1483 3635 cum

258 3662 414 3735 Religione
426 3665 599 3721 clericorum
611 3667 801 3740 regularium,
814 3685 890 3743 qnae
902 3667 1077 3726 aCardinali
1087 3669 1232 3725 Theatino
1242 3684 1349 3724 nomen
1358 3668 1486 3739 accepit,

257 3752 333 3809 uniti
345 3751 492 3809 fuerunt».
507 3754 554 3812 cf.
567 3752 786 3830 ORLmnmus,
801 3758 869 3830 vll,
885 3768 928 3828 14.
