3625 5400
490 494 595 550 Eersr.
617 505 749 564 ¹99···15
769 505 833 548 aur
854 491 887 546 18
905 489 1069 549 Ocrosnrs
1089 503 1157 561 1547
1347 503 1398 562 597

207 639 398 731 expresisse
425 645 533 714 videri
560 656 706 732 poterat,
739 645 804 712 nisi
834 666 924 731 quae
954 644 1049 732 prius
1079 644 1296 731 scripseratis
1322 645 1435 712 disso-

208 771 343 830 natent.

276 878 323 943 Vt
338 898 423 962 ergo
438 876 570 944 consilii
590 876 764 964 quidpiam
785 876 870 944 certi
890 876 1148 962 constantisque
1170 870 1245 963 capi
1266 876 1372 963 possit
1392 877 1434 944 ad
1506 949 1513 964 ,

209 1013 264 1059 res
279 1002 410 1059 vestras
426 992 461 1058 in
482 992 631 1060 Domino
649 993 822 1078 juuandas
841 993 1171 1079 promouendasque‚
1196 991 1334 1061 diuinae
1352 1014 1433 1080 gra-

209 1105 276 1175 tiae
302 1108 530 1192 cooperando,
559 1122 690 1190 curate,
718 1119 756 1172 vt
786 1114 915 1176 certam
945 1107 1165 1193 omniumque
1197 1106 1433 1194 chirographis

207 1231 432 1289 contestatam
454 1223 660 1291 sententiam
679 1233 828 1291 vestram
852 1221 1063 1309 exprimatis,
1088 1222 1265 1308 presertim
1290 1223 1333 1289 de
1355 1199 1434 1290 mit·

208 1337 312 1403 tendo
327 1338 499 1423 preposito
514 1337 747 1424 institutisque
763 1337 945 1407 Societatis
961 1349 1108 1406 nostrae.

275 1453 317 1517 Et
334 1453 470 1537 quidem
488 1456 590 1521 Pater
605 1453 760 1540 {gnatius
775 1474 843 1519 non
858 1464 990 1520 tantum
1002 1465 1134 1521 vestras
1146 1453 1298 1519 omnium
1312 1463 1434 1520 manus

209 1566 327 1647 videre
341 1569 428 1648 vult,
445 1570 507 1637 sed
526 1569 701 1636 dominum
725 1568 923 1637 Cornelium
948 1571 960 1605 ⁰
984 1580 1019 1635 et
1042 1568 1217 1634 dominum
1242 1569 1431 1636 Antonium

209 1682 299 1752 inter
314 1705 377 1750 vos
392 1707 468 1753 esse
484 1696 626 1771 cuperet
641 1685 696 1772 (ad
710 1689 775 1752 boc
791 1684 928 1769 quidem
945 1683 1104 1771 negocii),
1124 1694 1162 1750 vt
1177 1704 1218 1750 eo
1234 1683 1336 1752 etiam
1352 1706 1433 1752 sen·
1458 1733 1460 1740 .

211 1798 351 1865 tentiam
377 1798 517 1867 liberam
540 1799 630 1866 inter
652 1812 784 1870 vestras
807 1799 1011 1884 exquireret.
1038 1801 1126 1866 Cum
1151 1811 1264 1867 tamen
1290 1802 1432 1866 Romam

207 1912 451 2006 perueneri[n]t
467 1915 545 2002 (iam
560 1915 651 1982 enim
667 1915 866 2002 peruenisse
886 1915 1080 1995 Patauium,
1103 1917 1131 1982 F
1133 1936 1278 1983 erraram
1300 1937 1340 1982 ac
1363 1918 1431 1982 Bo·

206 2030 344 2096 noniam
373 2032 494 2099 tratres
518 2030 768 2117 significarunt,
800 2031 891 2099 vnde
923 2029 1118 2116 propediem
1151 2030 1311 2111 aderunt,
1344 2031 1432 2096 duce
1492 2001 1500 2019 Ι

207 2147 305 2229 Deo),
324 2145 452 2232 aliquid
474 2147 636 2213 claritatis
657 2145 745 2215 forte
768 2146 881 2212 dubiis
901 2127 1080 2213 sententiis
1102 2145 1224 2213 vestris
1244 2145 1431 2236 adfere[n]t.

205 2262 275 2328 Sed
291 2261 334 2328 de
350 2261 403 2328 his
418 2262 512 2328 satis,
1072 2273 1074 2278 '

273 2377 394 2444 Valete
410 2376 445 2442 in
461 2377 621 2460 Domino,
640 2377 696 2443 cui
713 2399 776 2444 nos
791 2399 910 2444 omnes
927 2377 1049 2444 vestris
1063 2376 1098 2442 in
1115 2376 1325 2443 orationibus
1337 2398 1432 2443 com·

206 2491 420 2572 mendabids,
444 2503 482 2558 vt
502 2502 538 2559 et
556 2514 620 2558 nos
640 2493 701 2578 prd
721 2493 843 2561 vestris
864 2491 1103 2578 progressibus
1127 2493 1161 2558 in
1185 2491 1343 2559 omnibus
1366 2480 1444 2560 Dei*

206 2607 305 2673 donis
319 2607 464 2674 subinde
480 2630 629 2676 oramus.

226 2791 229 2795 .
273 2726 381 2810 xpus,
396 2728 499 2813 Jesus
513 2726 676 2812 dignetur
692 2726 727 2791 in
744 2726 796 2792 sui
813 2725 1009 2809 cognitione
1027 2748 1106 2791 vera
1123 2735 1157 2793 et
1178 2736 1299 2791 sancto
1316 2746 1433 2794 amore
1484 2782 1501 2800 .

206 2861 268 2904 uos
285 2862 404 2908 omnes
419 2841 453 2905 in
470 2841 542 2908 dies
558 2841 670 2927 magis
686 2863 902 2927 promouere.
922 2842 1046 2909 Amen.

274 2958 381 3024 Rome
400 2972 437 3040 15
456 2957 617 3024 Octobris
638 2974 733 3040 1547.

272 3072 383 3136 Manu
401 3074 444 3137 P.
463 3073 620 3137 Polnnci.
643 3072 751 3157 Copia
771 3073 814 3138 de
835 3094 903 3137 vna
926 3071 1075 3156 ynbiada
1098 3078 1118 3137 a
1143 3072 1294 3139 Louania
1319 3094 1362 3139 en
1393 3075 1431 3140 18

205 3188 248 3252 de
265 3188 418 3254 Octubre
440 3203 536 3272 1547.

275 3304 316 3367 In
333 3304 503 3389 Regestis.
519 3305 588 3369 Los
603 3304 647 3369 de
663 3303 920 3388 Louayna—A
937 3302 988 3367 los
1003 3304 1047 3369 de
1068 3305 1233 3387 Louayna
1254 3322 1291 3369 sc
1307 3301 1432 3369 scriuid

206 3431 278 3485 este
295 3432 379 3498 mes,
398 3439 466 3504 que
483 3421 583 3485 todos
597 3418 782 3514 scriuiesen
800 3440 842 3485 su
857 3441 1008 3504 parerer,
1027 3418 1199 3505 poniendo
1215 3419 1299 3483 cada
1315 3439 1383 3483 vno
1401 3419 1432 3484 la

206 3556 306 3599 mano
322 3536 422 3602 sobre
437 3535 470 3599 lo
486 3555 554 3618 que
569 3539 702 3600 sentian
719 3534 762 3602 de
778 3534 955 3620 superiore
972 3528 1149 3603 mittendo.

259 3780 270 3810 ⁸
306 3775 476 3831 Cornelium
489 3775 687 3831 Vishavaeum
700 3784 732 3830 et
745 3776 907 3839 Antonium
921 3774 1087 3845 Vinckium‚
1104 3776 1154 3847 qui
1173 3776 1295 3830 Romam
1312 3782 1431 3831 conten·

205 3864 325 3921 debant.
340 3866 522 3935 PoLaNCUS,
539 3864 662 3928 Chron„
677 3866 701 3937 1,
715 3879 778 3934 245,
792 3866 854 3933 246.
869 3865 903 3920 In
916 3880 1005 3937 opere
1018 3874 1116 3921 autem
1131 3882 1184 3919 ms.
1213 3865 1281 3919 Vita
1301 3864 1338 3917 P.
1361 3862 1431 3917 Cor·

205 3954 281 4009 aelii
300 3954 484 4019 Wischuven,
498 3953 549 4009 fol.
566 3968 628 4025 199,
642 3954 749 4024 legitur
762 3954 913 4025 scriptum:
934 3954 1067 4009 «Deinde
1086 3954 1172 4009 Senis
1185 3962 1216 4007 et
1230 3952 1363 4007 Viterbio
1376 3952 1430 4006 Ro·

205 4059 281 4097 mam
295 4042 377 4099 veuit
389 4060 457 4098 cum
469 4058 523 4098 suo
535 4043 616 4099 socio
628 4042 663 4099 P.
683 4043 812 4097 Antonio
825 4042 922 4097 Vinck
938 4040 970 4097 13
982 4040 1122 4099 Octobris
1135 4042 1203 4097 anni
1225 4054 1321 4109 1547.»
1342 4041 1431 4112 Quod

203 4140 284 4186 certe
296 4149 364 4187 curn
376 4140 476 4187 nostra
488 4132 612 4204 epistola
624 4147 684 4187 nou
695 4132 845 4186 convenit.
