3625 5400
607 419 611 428 ¹
701 445 805 500 Earsr.
829 444 925 513 14.—8
945 458 1013 511 uaJr
1036 443 1102 514 1538
1428 459 1477 516 127

271 597 331 664 tis
347 600 442 684 quod
456 597 500 665 de
515 598 633 686 gracia
647 597 713 665 Dei
727 599 840 665 adhuc
856 620 932 664 sum
948 619 1065 678 sanuS,
1083 613 1118 668 et
1134 601 1255 668 vellem
1271 601 1379 668 eciam
1394 603 1437 667 de
1450 623 1512 667 vo—

273 712 341 780 bis
355 713 500 782 libenter
514 714 633 782 audire
649 714 741 800 quod
755 713 804 780 ita
819 724 883 794 est;
901 715 1091 782 secundum
1109 717 1201 800 quod
1216 716 1299 783 estis
1314 716 1397 782 mihi
1409 726 1510 810 natu-

275 829 401 896 raliter
424 829 576 897 inclinati
595 842 632 897 et
652 831 798 897 multum
823 831 946 897 fauetis
970 829 1064 911 mihi,
1092 853 1159 918 ego
1183 831 1290 900 eciam
1315 833 1392 900 volo
1415 833 1511 898 vobis

278 943 400 1013 facere
415 957 525 1032 grata.
544 945 670 1012 Dixisti
684 956 800 1011 autem
816 944 910 1014 mihi:
929 947 1066 1030 quando
1082 947 1206 1014 venitis
1222 949 1377 1028 Romam,
1399 947 1511 1014 videte

283 1061 329 1070 .—

276 1124 343 1181 que
351 1106 509 1178 adjunctis,
522 1105 626 1160 statuit
638 1114 690 1161 aut
702 1113 854 1178 utramque
868 1123 935 1162 esse
948 1107 1157 1178 autographam
1170 1116 1220 1163 aut
1233 1116 1386 1181 utramque
1405 1089 1510 1181 suppo*-

280 1196 417 1252 sititiam:
428 1195 478 1251 ille
489 1212 558 1250 vero
568 1196 778 1267 autographam
787 1193 942 1266 judicavit.
955 1196 1081 1266 Vulgata
1091 1196 1224 1268 epistola,
1236 1195 1266 1251 in
1276 1196 1435 1252 contrarias
1445 1215 1511 1252 sen·
1575 1187 1582 1200 ’

280 1285 395 1340 tentius
407 1283 481 1338 itum
494 1292 551 1338 est.
565 1285 651 1353 Quae
663 1300 752 1338 causa
764 1283 828 1338 sine
841 1282 932 1338 dubio
945 1283 1001 1338 fuit
1013 1301 1065 1338 cur
1078 1283 1206 1340 editores
1220 1285 1407 1340 matritenses
1425 1285 1509 1342 utria-

284 1393 344 1447 que
356 1374 458 1429 sedern
471 1373 548 1428 iuter
563 1371 675 1427 Certus
685 1371 871 1443 negaverint.

339 1463 434 1519 Nobis
445 1479 528 1529 vero,
543 1472 575 1516 ut
588 1461 619 1516 in
630 1463 730 1516 haere
745 1460 816 1534 quid
828 1462 1009 1533 probabilius
1028 1461 1163 1517 videatur
1180 1463 1401 1546 significemus,¹
1411 1481 1450 1520 ex
1467 1480 1510 1518 or·

282 1552 354 1607 dine
365 1550 524 1606 dicendum
537 1550 604 1605 erit:
621 1562 645 1605 1.
659 1549 697 1604 de
710 1557 842 1622 tempore
854 1549 1033 1622 scriptionis3
1048 1564 1074 1606 2.
1089 1551 1126 1606 de
1140 1551 1203 1623 ipso
1215 1551 1357 1624 scriptore
1369 1567 1404 1606 ac
1421 1554 1510 1607 rebus
1594 1580 1604 1598 α

280 1640 410 1713 scriptis3
424 1638 452 1695 3.
466 1638 503 1694 de
518 1656 654 1711 persona,
667 1639 715 1693 cui
729 1639 877 1713 sqibitur.

336 1745 360 1784 ι.
399 1729 445 1783 De
459 1732 590 1799 tempore
602 1729 786 1799 scriptionis.
800 1730 878 1783 Data
890 1729 1007 1784 videtur
1020 1728 1144 1800 epistola
1157 1745 1233 1784 anno
1246 1727 1325 1798 1538:
1338 1728 1372 1783 Id
1385 1729 1509 1785 suadent

282 1819 375 1890 ipsius
389 1819 491 1874 verba:
505 1816 633 1873 uDixisti
645 1825 744 1872 autem
758 1818 844 1872 mihi:
858 1816 975 1890 quando
990 1817 1098 1873 venitis
1115 1817 1248 1890 Romam,
1266 1817 1366 1873 videte
1384 1836 1421 1873 an
1440 1826 1508 1874 sunt

281 1908 353 1962 noui
374 1906 442 1961 libri
461 1913 491 1960 et
512 1905 636 1960 mittatis
658 1904 729 1960 mihi
745 1905 874 1976 aliquos:
893 1922 963 1962 ecce
980 1904 1096 1961 habetis
1115 1923 1204 1960 vuum
1221 1923 1330 1961 nouum
1348 1907 1506 1984 librum...»

279 1999 368 2067 Quae
381 1998 473 2051 verba
485 2003 620 2066 spectare
631 1993 768 2049 videntur
777 2003 904 2067 tempus,
915 2011 974 2068 quo
986 1995 1110 2067 primurn
1122 1995 1151 2050 iu
1161 1997 1264 2070 urberh
1274 1993 1357 2050 venit
1367 1997 1506 2067 ignatius:

282 2087 366 2140 venit
378 2093 477 2139 autem
491 2084 554 2154 ipse
566 2100 634 2138 cum
647 2084 743 2138 Fabro
754 2091 785 2138 et
795 2083 903 2140 Lainez
917 2093 1044 2139 exeunte
1056 2083 1216 2140 Novembri
1232 2083 1310 2154 1537,
1321 2083 1425 2156 reliqui
1437 2102 1507 2140 vero

279 2174 355 2229 socii
373 2175 460 2245 paulo
477 2182 553 2244 post3
573 2173 672 2245 itaque
690 2188 784 2227 «anno
802 2171 871 2242 1538
888 2181 953 2244 post
970 2172 1222 2255 quadragesimam
1237 2172 1297 2245 jam
1316 2190 1418 2228 omnes
1436 2171 1510 2230 socii

280 2263 405 2318 Romam
418 2269 645 2317 convenerant».
656 2263 823 2331 poniaco,
836 2261 960 2326 Chion„
972 2263 994 2332 1,
1005 2261 1051 2330 64,
1061 2263 1105 2330 78.
1121 2262 1196 2323 Cum
1210 2279 1280 2333 ergo
1294 2263 1418 2335 epistola
1429 2281 1508 2318 men·

280 2370 345 2408 sem
357 2368 393 2406 ac
403 2350 482 2406 diem
495 2350 642 2423 praeierat
658 2350 675 2404 8
693 2350 774 2422 maji,
791 2367 885 2422 usque
902 2350 940 2405 a'd
956 2352 1012 2406 hoc
1032 2359 1147 2422 tempus
1164 2351 1242 2405 illius
1259 2349 1328 2406 anni
1345 2350 1508 2407 differenda

278 2450 337 2515 est.
352 2440 400 2496 Cf.
414 2440 501 2512 epist.
514 2448 698 2512 sequentem,
712 2456 788 2511 quae
801 2440 954 2510 posthanc
972 2439 1089 2494 videtur
1106 2439 1194 2494 missa
1212 2441 1451 2511 uprobablement
1470 2459 1506 2496 en

277 2529 342 2601 juin
359 2528 444 2598 1538»
458 2529 561 2592 Prtais
573 2530 763 2598 historiques,
779 2541 790 2582 1
806 2528 935 2598 Augusti
951 2530 1029 2598 1875,
1043 2545 1110 2601 pag.
1125 2527 1186 2595 362,
1202 2536 1301 2584 annot.
1319 2541 1343 2584 1.

334 2635 361 2673 a.
402 2619 449 2674 Da
459 2623 580 2691 auctore
589 2617 731 2690 epistolae
740 2635 776 2673 ac
785 2618 872 2673 rebus
883 2619 918 2672 in
930 2635 966 2672 ea
978 2619 1132 2673 contentis.
1147 2618 1196 2672 Ab
1205 2618 1321 2688 Ignatio
1330 2617 1422 2672 irrisae
1432 2620 1506 2673 hanc

280 2710 437 2782 epistolam
453 2709 591 2780 scriptam
612 2706 754 2780 quaedam
777 2708 912 2779 suadent,
931 2709 1013 2779 plura
1031 2707 1205 2767 inficiantur.
1228 2707 1359 2764 Suadent
1375 2707 1506 2781 quidem,

279 2801 494 2853 elementorum
519 2796 584 2852 sive
600 2797 763 2852 litterarum
784 2796 987 2865 conformatio,
1009 2796 1118 2869 apices,
1137 2796 1227 2867 sigla;
1246 2814 1320 2868 quae
1338 2798 1375 2851 ab
1399 2797 1505 2869 Ignatii

281 2888 426 2959 scriptura
438 2904 496 2942 non
509 2885 646 2941 videntur
664 2886 832 2953 abhorrere,
845 2886 871 2941 si
889 2885 1020 2958 excipias
1037 2884 1226 2941 nihilominus
1244 2886 1389 2941 librariam
1408 2896 1504 2940 notam

281 2976 374 3031 instar
385 2975 499 3031 numeri
512 2991 533 3043 9
545 2975 582 3030 ad
595 2977 738 3047 syllabam
750 2964 1050 3045 consignificandum.
1065 2976 1147 3030 Haec
1164 2974 1243 3030 enim
1257 2990 1346 3046 saepe
1364 2974 1394 3029 in
1407 2976 1461 3029 hac
1475 2983 1504 3029 et

279 3075 424 3137 sequente
436 3064 569 3138 epistolis
579 3065 716 3131 occurrit,
725 3083 792 3120 curn
802 3072 901 3119 tamen
912 3081 976 3119 eam
987 3064 1016 3119 iu
1026 3064 1215 3135 autographis
1226 3063 1332 3134 Ignatii
1343 3065 1505 3136 plusquam

281 3168 345 3224 200,
357 3172 433 3228 quae
445 3152 582 3220 vidimus,
597 3172 754 3225 numquam
768 3162 936 3224 usurpatam
950 3152 1159 3208 invenerimus.
1180 3154 1290 3223 Quare,
1305 3151 1330 3207 si
1343 3168 1410 3207 curn
1423 3159 1505 3207 auto·

278 3245 398 3316 graphis
410 3252 499 3316 atque
513 3242 687 3298 indubitatis
705 3242 811 3312 Ignatii
825 3241 941 3313 scriptis
954 3243 1009 3297 hae
1022 3241 1096 3297 duae
1114 3241 1255 3312 epistolae
1268 3239 1465 3307 conferantur,
1480 3241 1505 3295 si

278 3334 358 3389 illius
371 3333 503 3387 sincerae
515 3330 634 3396 quidem
647 3348 705 3387 non
718 3331 788 3397 sint,
803 3339 833 3385 at
845 3330 1034 3385 adumbratae
1052 3332 1156 3385 saltem
1177 3329 1309 3401 ejusdem
1327 3328 1505 3385 imitationes

280 3422 375 3479 videri
387 3430 538 3494 poterunt.

332 3513 442 3568 Contra
460 3528 541 3581 vero,
558 3510 737 3583 persuadent
753 3511 792 3564 ab
809 3508 923 3580 Ignatio
941 3509 1079 3580 scriptam
1102 3525 1160 3561 non
1178 3506 1269 3561 tuisse
1289 3506 1443 3579 epistolam
1457 3524 1502 3574 ea,

278 3619 353 3673 quae
364 3601 394 3656 in
404 3602 468 3672 ipsa
476 3602 678 3669 continentur,
687 3600 796 3671 quippe
805 3616 881 3670 quae
891 3616 950 3655 non
960 3596 1032 3653 satis
1046 3596 1194 3668 ignatiana
1205 3595 1342 3651 videntur
1354 3613 1409 3651 nec
1422 3596 1503 3667 lgna·

281 3690 353 3745 tium
365 3707 479 3761 sapere.
1521 3742 1523 3749 ,

331 3780 366 3849 a)
402 3779 560 3835 Exordium
574 3779 716 3850 epistolae
728 3778 856 3833 alienum
869 3792 987 3850 prorsus
1000 3787 1046 3838 est
1064 3779 1101 3832 ab
1122 3774 1227 3848 Ignatii
1239 3774 1453 3830 consuetudine
1473 3774 1502 3828 in

279 3869 399 3941 reliquis
419 3868 553 3939 epistolis
575 3875 723 3939 usurpata.
743 3865 906 3922 Videantur
924 3866 1066 3938 epistolae
1084 3866 1170 3937 hujus
1190 3864 1339 3935 temporis,
1354 3881 1383 3917 v.
1402 3880 1446 3931 gr.
1466 3861 1503 3916 ad

278 3958 489 4013 confessarium
501 3957 623 4027 reginae
636 3955 761 4023 Galliae,
771 3972 838 4027 pag.
852 3954 898 4024 39:
913 3954 973 4009 uLa
983 3953 1082 4025 gracia
1094 3972 1115 4025 y
1128 3968 1208 4008 amor
1220 3951 1257 4007 de
1271 3949 1369 4006 Cristo
1382 3956 1502 4005 nuestro

280 4046 372 4102 Seiron
388 4064 439 4101 sea
455 4047 583 4118 siempre
601 4062 638 4099 en
656 4054 776 4099 nuestro
795 4042 878 4099 fauor
905 4061 925 4113 y
947 4042 1060 4111 aiudan3
1088 4042 1123 4097 ad
1151 4040 1371 4097 Emmanuelem
1393 4038 1501 4109 Miona,

278 4122 345 4207 pdg‘.
358 4147 405 4204 41,
423 4135 453 4189 in
474 4151 532 4206 qua
549 4134 653 4188 eadem
670 4133 808 4189 salutatio
825 4132 979 4204 repetitur;
1000 4132 1036 4187 ad
1059 4132 1178 4186 Petrum
1196 4127 1358 4199 Contarini‚
1373 4144 1439 4199 pag.
1454 4128 1500 4196 64,

279 4242 353 4296 quae
373 4222 493 4297 quidem
519 4223 655 4295 epistola,
673 4222 763 4277 latine
780 4222 889 4292 scripta
906 4235 922 4275 2
941 4218 1114 4275 Decembris
1135 4216 1219 4288 1538,
1246 4216 1358 4289 incipit:
1382 4215 1502 4273 ‹rGratia

279 4312 397 4368 Domini
418 4312 511 4367 nostri
533 4313 605 4382 Jesu
627 4309 737 4367 Christi
758 4317 789 4365 et
809 4327 867 4381 pax
884 4310 925 4363 sit
941 4326 1008 4363 curn
1028 4308 1163 4364 omnibus
1181 4306 1296 4375 nobisn,
1313 4303 1500 4377 ostenditque

276 4410 416 4474 quantum
429 4399 509 4457 illius
521 4399 630 4455 latinus
643 4415 740 4454 sermo
752 4407 783 4453 et
795 4396 944 4453 scribendi
960 4396 1034 4454 ratio
1047 4398 1085 4450 ab
1102 4394 1276 4451 inconcinna
1294 4393 1381 4465 hujus
1393 4394 1500 4466 episto·

232 4547 236 4557 ,
277 4493 323 4547 lae
334 4491 480 4547 latinitate
492 4488 594 4556 distet;
607 4488 644 4543 ad
657 4487 783 4543 eundem
796 4487 916 4543 Petrum
933 4484 1095 4558 Contarini‚
1115 4483 1201 4557 epist.
1217 4498 1261 4555 24,
1280 4481 1378 4539 italico
1392 4499 1500 4536 sermo-

277 4598 316 4638 ne
327 4586 455 4635 exarata:
467 4578 527 4633 «La
535 4577 634 4649 grazia
643 4586 673 4632 et
683 4592 755 4649 pace
768 4576 798 4631 di
811 4574 930 4631 Christo
943 4582 1043 4630 nostro
1052 4572 1159 4645 Signor
1171 4572 1214 4629 sia
1227 4588 1342 4645 sempre
1357 4572 1387 4626 in
1400 4581 1500 4627 nostro

277 4670 360 4726 iavor
373 4677 405 4723 et
417 4668 529 4739 ajuto.»
