3625 5400
560 450 664 509 Errsr.
684 432 932 521 aiu-Inuum
950 462 1037 507 suno
1058 448 1125 518 1548
1364 446 1415 504 681

223 599 296 670 bile
311 602 393 670 sitta
409 604 438 670 al
456 601 576 689 signor
591 613 706 670 nostro
718 606 801 693 Jesu
818 602 895 682 X.⁰‚
913 600 1004 669 achi
1019 600 1139 687 piaeia,
1157 622 1196 668 se
1212 610 1333 686 questa
1348 622 1452 687 opera

223 719 247 783 ὁ
262 739 336 798 sua,
355 717 511 804 guidarla
526 716 561 784 in
576 718 678 785 modo
693 718 759 784 che
774 719 807 784 la
823 716 940 784 diuina
956 738 1019 784 sua
1035 718 1163 785 maesta
1175 736 1235 802 per
1250 716 1274 781 l'
1288 715 1451 785 aduenire

226 832 276 899 sia
292 832 348 919 piu
365 832 556 917 conociuta,
571 833 737 900 honorata
753 844 788 900 et
799 832 928 901 seruita
943 833 1040 901 rnela
1050 854 1113 899 sua
1123 831 1267 900 catolica
1278 842 1314 899 et
1325 831 1452 898 deuota

222 948 311 1013 sitan
330 959 365 1015 et
379 970 500 1035 regno,
518 958 552 1014 et
567 949 590 1013 l'
609 947 732 1029 anime,
752 948 897 1035 riparate
918 949 974 1015 col
993 968 1127 1034 sangue
1146 969 1210 1014 suo
1230 958 1263 1016 et
1284 947 1355 1013 vita
1370 970 1449 1033 pre-

222 1062 421 1145 ciosissima,
445 1063 541 1131 siano
562 1063 689 1151 meglio
709 1064 870 1132 instrutte
890 1063 981 1129 nella
1002 1062 1058 1130 via
1080 1063 1177 1132 dela
1198 1064 1307 1130 salute
1330 1084 1393 1129 sua
1414 1076 1449 1131 et

223 1178 433 1246 beatitudine
453 1190 581 1249 eterna.
600 1181 726 1249 Amen.

289 1294 334 1362 Di
349 1296 457 1362 Roma
477 1314 516 1378 14
532 1296 557 1363 ¹.

289 1410 508 1478 Paratissimo
524 1412 581 1481 nel
595 1413 631 1482 S.
650 1412 694 1479 N.
709 1414 791 1500 Jesu
808 1410 873 1480 X.⁰
891 1410 924 1477 al
939 1408 1080 1478 seruitio
1095 1410 1140 1479 de
1155 1412 1187 1478 le
1202 1412 1267 1481 SS.
1287 1412 1364 1480 VV.

477 1662 634 1728 PATRI
669 1556 873 1731 SIMoffifl
891 1661 1186 1733 RODERICIO

588 1778 675 1823 noua
695 1780 836 1823 manure
855 1782 945 1825 suno
965 1769 1034 1839 1548
1055 1773 1075 1822 ¹.

216 1860 414 1919 Franciscum
428 1866 464 1919 de
476 1864 611 1919 Estrade
624 1880 639 1919 e
652 1864 853 1938 Portugallia
865 1866 1027 1933 discedere,
1039 1868 1137 1924 invito
1154 1869 1283 1922 autnon
1298 1866 1446 1938 probante

538 1952 662 2026 Joanna
674 1954 732 2018 ΙΙΙ,
746 1955 873 2011 mirrime
885 1956 953 2011 vult
966 1956 1118 2031 Ignatius.

818 2053 834 2106 †

787 2110 864 2196 Jhs.

281 2222 331 2289 La
344 2220 460 2308 gracia
475 2243 573 2308 ypaz
588 2222 631 2289 de
642 2224 726 2310 Jesu
743 2221 808 2290 X.⁰
822 2232 928 2292 senor
944 2233 1086 2293 nuestro
1101 2245 1139 2291 se
1155 2242 1322 2292 conserua
1338 2221 1444 2291 siem-

212 2356 274 2423 pre
289 2358 312 2423 y
329 2358 448 2403 crezca
462 2358 507 2405 en
522 2347 680 2405 nuestras
696 2337 836 2407 Animas.
856 2341 982 2407 Amen.

280 2454 381 2521 Estos
396 2453 470 2519 dias
486 2456 528 2520 he
544 2452 714 2523 resciuido
730 2476 797 2521 vna
813 2466 952 2523 vuestra
966 2457 1064 2536 Ietta,
1083 2478 1127 2524 en
1143 2476 1210 2540 que
1226 2476 1280 2521 me
1296 2475 1441 2540 respon—

208 2570 297 2653 dtys
312 2574 333 2634 a
347 2569 380 2635 lo
397 2590 464 2655 que
480 2570 580 2636 sobre
596 2570 719 2639 Strada
733 2591 778 2656 ya
793 2592 831 2637 os
847 2572 914 2640 vbe
927 2569 1043 2654 scrito;
1058 2594 1081 2657 y
1094 2570 1186 2671 pisto
1201 2570 1235 2637 lo
1251 2591 1319 2655 que
1331 2570 1364 2636 al
1380 2592 1441 2656 rey
1557 2610 1560 2616 ·

213 2684 435 2772 propusistes,
448 2685 516 2772 ylo
531 2707 599 2772 que
611 2686 648 2756 S.
663 2688 708 2755 A.
724 2709 762 2755 os
779 2686 973 2774 respondis,
987 2687 1184 2756 mostrando
1200 2708 1246 2754 no
1262 2686 1294 2754 le
1305 2690 1441 2773 parezla

207 2800 350 2870 debiese
365 2801 445 2868 salir
460 2802 504 2869 de
519 2823 574 2887 ay,
592 2823 647 2868 me
663 2823 784 2888 pareze
800 2801 940 2871 hizistes
955 2802 1036 2872 bien
1051 2803 1095 2871 de
1115 2802 1210 2871 dezir
1225 2823 1292 2888 que
1314 2823 1359 2869 no
1381 2822 1439 2869 era

210 2928 382 2984 menester
397 2917 434 2986 S.
454 2919 498 2984 A.
516 2939 571 2986 me
587 2916 748 2985 scriuiese
763 2920 864 2987 sobre
880 2918 958 3000 ello;
973 2939 1102 3005 porque
1117 2939 1200 3005 para
1214 2923 1261 2984 ml
1276 2939 1314 2986 es
1330 2917 1439 2986 cierto

207 3052 279 3117 que
291 3033 389 3098 basta
401 3033 567 3101 entender
578 3034 611 3100 la
622 3032 754 3100 motion
766 3055 788 3118 y
801 3032 999 3100 inclination
1010 3035 1054 3102 de
1065 3034 1270 3101 lavoluntad
1282 3034 1327 3102 de
1334 3035 1367 3102 S.
1380 3035 1436 3115 Α.,

209 3167 293 3234 para
308 3148 555 3214 conformarme
570 3169 615 3232 yo
630 3149 686 3217 del
703 3149 784 3215 todo
800 3170 864 3216 con
881 3150 946 3216 ella
962 3149 988 3218 ².
1009 3214 1013 3220 ,

262 3339 274 3371 ¹
311 3335 485 3406 Colligimus
495 3337 570 3393 hauc
579 3337 734 3408 epistolam
747 3350 780 3406 14
790 3337 923 3409 Januarii
935 3338 1004 3408 1548
1013 3337 1103 3392 scribi
1112 3335 1262 3392 debuisse.
1270 3335 1304 3390 ln
1313 3333 1435 3390 dubium

205 3424 287 3480 enim
302 3425 379 3480 verti
391 3443 449 3481 non
459 3433 557 3497 potest
570 3425 640 3498 quin
654 3425 757 3481 eadem
769 3426 924 3498 responsio
934 3425 974 3482 sit
986 3426 1024 3482 ad
1034 3425 1148 3483 litteras
1158 3424 1349 3480 mamertinus
1362 3423 1435 3478 civi-

205 3513 288 3584 tatis,
301 3514 409 3587 quibus
422 3513 537 3569 sodales
550 3513 587 3568 ad
599 3513 770 3587 disciplinas
787 3513 946 3570 Societatis
964 3513 1095 3586 proprias
1107 3515 1261 3569 Messanae
1278 3510 1435 3567 tradendas

207 3605 443 3674 postulabantur.
467 3603 557 3659 Porro
573 3603 740 3676 hujusmodi
757 3603 794 3659 ad
812 3603 958 3676 Ignatium
980 3603 1096 3658 litterae
1116 3613 1150 3673 19
1167 3601 1342 3658 Decembris
1366 3611 1434 3668 1547

202 3691 292 3747 datae
305 3701 382 3765 sunt,
394 3692 500 3766 quibus
511 3693 585 3749 aliae
596 3693 834 3750 mamertinorum
844 3692 880 3748 ad
891 3691 1011 3748 Siciliae
1021 3708 1176 3765 proregem
1189 3704 1220 3761 17
1231 3689 1364 3763 ejusdem
1374 3691 1434 3744 De·

203 3781 333 3836 cembris
344 3781 543 3852 praeiverant,
562 3789 593 3835 ut
611 3781 635 3836 is
657 3780 796 3837 videlieet
813 3780 889 3853 apud
908 3780 1056 3851 Ignatium
1069 3779 1276 3835 auctoritatem
1293 3794 1376 3833 suam
1396 3775 1433 3831 ad

206 3869 387 3940 propositum
400 3867 639 3941 consequendum
656 3869 869 3941 interponeret,
886 3869 984 3942 Epist.
1003 3869 1130 3933 Mixtus,
1150 3868 1175 3936 1,
1193 3881 1258 3938 450,
1274 3879 1337 3937 454.
1356 3866 1434 3922 Con·
1454 3863 1464 3878 ”

167 3986 171 3992 .
204 3965 378 4012 sentaneum
389 3973 460 4013 vero
473 3966 536 4013 erat
549 3965 582 4012 ut
594 3974 767 4030 responsum
785 3957 831 4014 his
849 3957 957 4014 litteris
970 3974 1029 4013 uon
1048 3956 1228 4012 differretur.
1247 3954 1322 4012 Cum
1341 3953 1433 4024 igitur

204 4044 253 4099 hic
265 4045 343 4101 diem
359 4037 391 4114 1⁵4
405 4047 546 4119 scriptum
559 4047 751 4119 reperiamus,
761 4046 936 4119 conjicimus
948 4046 1059 4103 debere
1072 4063 1138 4102 esse
1153 4057 1186 4115 14
1199 4042 1341 4117 Januarii.
1356 4041 1433 4098 Cae·

202 4141 300 4190 terum
316 4148 350 4204 24
363 4136 461 4190 Martii
477 4135 545 4206 1548
555 4135 615 4208 jam
633 4137 717 4207 socii,
732 4135 762 4192 in
781 4136 912 4193 Siciliam
929 4135 1161 4209 proficiscentes,
1175 4143 1208 4190 ut
1226 4131 1431 4188 mamertinum

198 4224 359 4294 collegium
373 4225 554 4296 inchoarent,
568 4225 692 4298 Neapoli
704 4225 819 4281 itineris
831 4242 866 4281 ac
878 4224 1076 4296 navigationis
1092 4241 1211 4279 cursum
1229 4221 1345 4294 Ignatio
1361 4221 1431 4276 scri-

201 4313 324 4380 bebant,
341 4314 412 4370 Litt.
428 4315 561 4384 Quadr„
575 4315 599 4386 1,
613 4327 658 4384 91.
672 4314 719 4371 Ct.
734 4315 916 4382 potarem,
931 4314 1056 4380 Cicron„
1069 4315 1093 4382 1,
1108 4311 1170 4383 243,
1190 4311 1251 4368 281.

255 4401 263 4434 ¹
302 4405 346 4458 Ex
368 4403 544 4460 adversariis
565 4403 754 4477 autographis
779 4405 812 4459 P.
836 4403 973 4474 Polanci,
998 4404 1030 4459 in
1053 4403 1156 4459 codice
1178 4402 1276 4474 Epist.
1300 4401 1432 4456 Polanci

197 4508 236 4546 ex
249 4509 366 4560 comm„
383 4493 469 4548 unico
482 4492 563 4561 folio,
577 4512 606 4548 n.
620 4491 666 4564 39,
681 4493 760 4566 prius
773 4507 819 4563 42.

254 4585 266 4617 ¹
303 4581 379 4636 Vide
389 4581 543 4654 epistolam
556 4590 740 4655 sequentem,
752 4599 789 4638 ex
800 4599 857 4656 qua
866 4582 957 4638 statui
968 4589 1065 4654 potest
1077 4582 1144 4654 plue
1154 4579 1289 4636 minusve
1299 4586 1430 4650 tempus,

196 4688 258 4744 quo
271 4672 343 4726 haec
357 4671 445 4727 etiam
459 4671 583 4744 epistola
595 4671 662 4728 data
676 4680 732 4728 est.
