3625 5400
580 484 683 540 Enisa
702 481 820 552 65.-15
839 481 968 537 Aeonis
988 477 1055 550 1543

790 658 841 738 65

555 755 1087 857 oucirannnnine

614 902 1022 976 uoun[15nrnnrs1543]¹.

208 1002 257 1060 Ol
267 1003 379 1058 collato
389 1001 531 1076 beneficia
537 1002 739 1074 favoremque
756 1001 899 1057 Scelerati
912 1001 1094 1074 praestitum
1114 1001 1320 1074 amplissimas
1336 1002 1435 1074 refero

259 1093 556 1168 gratian-Patrem
578 1091 786 1148 Solmeronom
803 1092 957 1179 Mutinam
975 1093 1108 1164 petiisse,
1131 1093 1286 1148 cardinali
1306 1092 1434 1147 Morono

261 1185 440 1255 deposcente,
455 1183 589 1247 nuntiat,
601 1181 749 1252 illumque
761 1183 803 1236 ad
814 1186 924 1236 nutum
937 1183 1022 1238 ducis
1034 1185 1176 1236 acturum
1189 1197 1248 1238 esse
1257 1181 1341 1238 dicit.

772 1279 931 1400 nd.'

276 1449 403 1536 signos
415 1457 533 1515 nostro
547 1447 584 1514 in
599 1447 737 1516 Christo
749 1451 844 1537 Jesu.

276 1559 326 1624 La
348 1577 476 1622 somma
500 1552 611 1642 gratia
634 1567 669 1622 et
692 1566 811 1622 eterno
831 1559 936 1623 amor
955 1554 989 1621 di
1006 1555 1144 1623 Christo
1165 1557 1209 1624 N.
1234 1557 1271 1624 S.
1290 1555 1381 1624 visiti
1397 1569 1433 1624 et

208 1673 313 1740 saluti
327 1674 372 1739 V.
391 1673 432 1741 E.

275 1787 373 1855 Molti
387 1785 500 1875 giomi
515 1808 600 1854 sono
613 1786 753 1872 passati,
771 1788 838 1853 che
854 1796 977 1870 questo
989 1786 1175 1855 medesimo
1187 1787 1220 1853 io
1233 1787 1432 1856 desideraua
1546 1803 1551 1810 ’

208 1905 293 1984 lare,
310 1924 348 1970 se
360 1902 383 1969 il
399 1902 568 1991 mio-poco
584 1899 687 1970 esser’
704 1911 739 1969 et
754 1921 875 1967 manco
892 1899 996 1967 ualer’
1013 1923 1082 1968 non
1098 1905 1142 1966 m'
1162 1904 1307 1972 hauesse
1323 1903 1431 1990 impe-

206 2019 290 2086 dito.
309 2019 457 2100 Adesso,
475 2016 649 2104 pigliando
665 2017 787 2083 alcone
803 2019 896 2083 forze
912 2017 968 2085 nel
984 2017 1131 2103 Signore
1151 2028 1269 2084 nostro
1289 2041 1349 2106 per
1369 2041 1431 2085 nn-

206 2136 279 2204 dar’
298 2155 369 2201 uno
386 2134 397 2165 '
411 2133 500 2202 della
511 2129 726 2218 Compagnia
738 2142 854 2197 nostra
866 2153 966 2198 uerso
983 2133 1015 2199 la
1032 2131 1248 2214 Lombardia,
1269 2137 1314 2202 ho
1331 2157 1432 2222 preso

206 2251 332 2316 alcuna
347 2248 527 2317 occasione
539 2270 598 2333 per
613 2245 753 2314 scriuer’
769 2258 888 2331 questa
905 2269 926 2313 a
942 2249 985 2314 V.
1005 2248 1060 2331 E.;
1074 2259 1109 2314 et
1122 2248 1347 2332 scriuendola,
1362 2274 1431 2318 non

206 2386 309 2450 posso
325 2385 393 2430 non
408 2363 455 2428 mi
471 2364 646 2450 rallegrar'
660 2363 714 2429 nel
732 2361 879 2448 Signore
895 2373 1012 2429 nostro
1029 2363 1152 2450 (dando
1168 2365 1301 2432 infinita
1321 2377 1356 2434 et
1378 2365 1431 2432 in«-

207 2479 351 2547 cessabit
373 2478 484 2566 gratia
506 2501 527 2546 a
550 2500 612 2545 sua
635 2476 752 2544 diuina
774 2478 927 2562 maesta);
948 2477 983 2542 in
999 2477 1207 2547 considerar’
1225 2491 1353 2566 quanto
1373 2503 1435 2568 per

206 2594 276 2674 noi,
295 2617 364 2662 non
379 2593 483 2681 degni
495 2593 529 2659 d'
545 2592 648 2661 esser'
661 2592 837 2674 nominati,
851 2593 956 2658 habbi
969 2593 1053 2659 fatto
1066 2615 1128 2660 sua
1140 2595 1257 2662 diuina
1270 2608 1304 2662 et
1316 2609 1433 2665 eterna

205 2713 322 2791 bonta,
339 2711 534 2798 eleggendo
550 2713 593 2776 V.
613 2712 661 2791 Ε,
671 2732 732 2797 per
744 2731 807 2776 suo
819 2711 997 2796 segnalato
1009 2722 1044 2777 et
1056 2712 1160 2779 eletto
1174 2712 1433 2783 instrumentoa

207 2828 274 2893 tale
289 2829 418 2896 eifetto
437 2827 585 2911 Quando
600 2825 658 2893 noi
678 2825 892 2893 meritammo
908 2828 985 2907 che,
1004 2827 1060 2892 nel
1077 2838 1191 2913 tempo
1208 2830 1295 2895 delle
1316 2842 1435 2897 nostre

206 2942 263 3027 piu
278 2942 399 3029 grandi
416 2940 670 3008 contradittioni
685 2939 720 3005 in
741 2943 861 3019 Roma,
880 2942 924 3006 V.
943 2942 983 3009 E.
1001 2941 1036 3006 di
1051 2942 1108 3008 noi
1125 2942 1202 3007 altri
1219 2944 1323 3011 molto
1335 2944 1432 3011 inde-

206 3058 268 3145 gni
291 3080 329 3125 se
355 3056 559 3136 ricordasse,
582 3068 617 3122 et
632 3032 778 3123 essendo
800 3056 910 3124 tenuti
932 3077 993 3141 per
1014 3058 1192 3140 seduttori‚
1216 3060 1316 3127 desse
1337 3072 1434 3127 tanto

206 3176 297 3240 bono
313 3165 509 3241 testir'nonio
525 3152 632 3237 di'noi
649 3174 674 3251 ³,
693 3182 727 3239 et
740 3181 833 3237 tante
849 3172 944 3239 uolte
956 3172 1123 3240 scriuesse
1135 3173 1169 3238 in
1187 3185 1303 3241 nostro
1319 3175 1431 3241 conti*

205 3310 275 3356 nuo
287 3291 421 3357 fauore?
436 3290 481 3353 Et
494 3287 587 3372 dipoi
602 3307 729 3353 ancora
743 3286 779 3351 in
795 3288 879 3354 altra
894 3287 1149 3354 contradittion'
1167 3311 1236 3355 non
1258 3290 1293 3356 di
1308 3312 1436 3357 manco

206 3403 426 3490 importanza,
444 3402 517 3470 cioe
533 3404 670 3489 quando
686 3404 721 3470 S.
753 3403 805 3481 S„
824 3403 913 3486 dopo
928 3401 982 3467 ch’
999 3404 1086 3470 ebbe
1102 3406 1302 3472 confirmata
1319 3381 1351 3472 la
1369 3429 1431 3475 no-

207 3530 276 3585 stra
287 3519 428 3585 minima
438 3518 719 3604 congregatione,
733 3516 846 3583 alcuni
857 3514 1021 3582 cardinali
1033 3516 1087 3583 ch'
1098 3540 1202 3585 erano
1214 3519 1349 3586 officiali
1361 3544 1432 3589 non

204 3635 238 3702 la
253 3635 400 3703 uolendo
420 3635 548 3719 passar'
566 3633 600 3698 in
613 3634 715 3712 bolla,
733 3653 794 3717 per
806 3654 922 3699 mezzo
938 3643 972 3700 et
995 3632 1227 3701 intercession'
1244 3637 1287 3702 de
1308 3638 1352 3703 V.
1375 3638 1430 3716 F...

203 3751 361 3836 ponendo
377 3772 436 3837 per
456 3749 684 3817 instrumento
712 3748 734 3813 il
762 3750 860 3814 Rmo.
890 3758 925 3815 et
952 3748 1057 3814 lllrno.
1090 3750 1289 3837 monsignor
1313 3762 1431 3818 nostro
1526 3810 1529 3819 .

203 3866 520 3946 osservandissimo,
538 3864 562 3929 il
582 3864 753 3931 cardinale
773 3863 809 3929 di
829 3865 983 3943 Ferrato,
1007 3885 1070 3929 suo
1088 3866 1219 3931 fratello
1236 3868 1261 3953 ⁴,
1288 3868 1324 3933 fu
1345 3870 1427 3953 ogni

204 4088 272 4125 nam
284 4071 439 4126 ecclesiam
456 4068 716 4125 administrandam
735 4068 866 4141 suscepit
886 4086 953 4123 ann.
975 4067 1043 4137 1537
1062 4070 1208 4141 usquead
1226 4088 1333 4126 anuum
1349 4072 1429 4141 1548:

204 4159 311 4214 deinde
323 4159 353 4214 id
366 4176 439 4215 onus
449 4176 516 4214 cum
529 4175 677 4229 regressu,
691 4170 723 4212 ut
738 4150 806 4213 tunc
820 4174 883 4212 mos
896 4165 968 4227 erat,
984 4157 1129 4229 deposuit.
1146 4159 1214 4213 Fuit
1227 4160 1434 4232 Archiepisco·

204 4266 258 4319 pos
271 4246 457 4320 Capuanus.»
471 4248 656 4318 UGHELLUS,
674 4247 769 4300 Italia
781 4263 880 4311 sacra,
895 4247 916 4315 1,
933 4244 994 4315 523.

257 4336 265 4370 ¹
302 4338 348 4392 Ex
360 4339 424 4393 cod.
439 4338 525 4392 Rom.
541 4338 565 4403 l,
581 4351 681 4407 apogr.
700 4347 710 4387 1
727 4334 790 4405 iol.,
805 4354 833 4391 n.
848 4334 929 4406 CIII,
943 4334 1023 4407 prius
1036 4354 1070 4391 n.
1087 4349 1152 4405 104.

255 4429 267 4460 2
306 4426 474 4498 Alphonsus
488 4425 650 4486 Salmeron.
662 4422 738 4477 Vide
751 4424 838 4495 epist.
855 4424 888 4477 16
901 4425 973 4495 Apr.
991 4423 1071 4493 1543.

257 4516 269 4547 ⁸
306 4513 352 4571 Cf.
368 4516 454 4588 epist.
472 4527 505 4584 19
518 4512 591 4569 Dec.
614 4510 696 4581 1538.

249 4606 270 4668 ,⁴
305 4604 483 4677 Hippolytus
497 4604 525 4657 11
538 4602 575 4658 de
593 4604 672 4673 Este,
689 4600 956 4672 Alphonsi,'ducis,
975 4610 1005 4658 et
1024 4604 1178 4660 Lucretiae
1196 4606 1320 4679 Borgiae
1339 4606 1430 4679 filius,

204 4700 292 4749 natus
306 4706 384 4765 ¹5⁰9,
399 4692 555 4748 cardinalis
575 4690 654 4761 1538,
668 4690 743 4745 obiit
759 4702 837 4759 1572.

342 4790 446 4836 Morou.
462 4788 754 4845 lorrr.-Er·nr.‚1or.
769 4786 790 4832 Ι.
1270 4792 1296 4838 17
