3625 5400
604 462 708 518 Ensr.
731 460 1010 530 186.-7Aueusr1
1031 473 1101 532 1547
1379 461 1432 534 573

240 614 350 684 Giesti
367 616 432 682 X.⁰
447 615 542 681 nudo
556 613 594 680 in
608 634 720 695 croce‚
737 637 808 681 non
823 617 874 681 sia
888 614 1084 682 necessario
1100 615 1299 682 confortarli
1313 637 1334 681 a
1349 617 1382 682 la
1404 639 1469 702 pa·
1548 659 1553 669 ·

238 729 369 811 nentia,
393 729 540 796 maxime
567 731 756 797 constantio
776 751 836 817 per
855 731 889 797 la
908 729 1093 798 medesima
1117 731 1239 798 lettera
1266 741 1395 817 quanto
1417 731 1470 799 sia

237 845 326 914 bene
341 855 511 912 accettata
526 847 570 912 da
586 845 679 926 tutti,
698 845 727 914 si
742 868 781 914 se
795 856 894 914 sente
908 848 1054 931 qualche
1070 846 1225 932 pouertai;
1241 868 1318 932 pur,
1332 867 1394 932 per
1410 869 1465 916 es·

238 959 341 1030 sermi
367 981 558 1030 commesso
577 972 592 1012 ¹
611 961 668 1028 dal
687 971 808 1028 nostro
829 961 865 1028 in
885 943 963 1029 Iesu
982 959 997 1001 ¹²
1018 964 1108 1048 Xpo.
1127 962 1167 1028 P.
1190 965 1293 1030 Mtro,
1316 960 1463 1048 Ignati0,

237 1077 339 1163 quale
354 1097 487 1145 comme
502 1099 587 1145 vero
603 1078 707 1163 padre
729 1077 765 1144 ui
784 1099 873 1158 ama,
896 1077 943 1146 mi
964 1077 1143 1144 consolari)
1164 1098 1230 1144 con
1251 1075 1308 1144 uoi
1328 1077 1409 1144 tutti
1429 1077 1466 1146 in

238 1203 360 1278 questa
375 1191 498 1277 gratia,
517 1193 584 1259 che
599 1191 631 1259 ci
648 1193 681 1258 sa
696 1193 728 1259 la
744 1192 850 1258 bonta
865 1215 929 1260 sua
944 1190 952 1232 ¹
967 1191 1101 1259 infinita
1116 1214 1184 1280 qua
1199 1203 1234 1258 et
1251 1194 1295 1272 la,
1313 1193 1355 1259 de
1372 1191 1465 1260 darei

238 1329 259 1373 a
274 1309 382 1374 sentir
398 1307 510 1392 quella
526 1319 625 1374 santa
640 1310 795 1394 pouerta,
813 1318 849 1375 et
864 1308 897 1374 11
918 1329 988 1376 non
1004 1329 1043 1375 so
1062 1306 1097 1374 in
1118 1319 1248 1394 quanto
1269 1309 1388 1394 grado,
1411 1329 1470 1376 ma

239 1421 298 1508 qui
313 1422 350 1487 in
366 1423 472 1488 molto
487 1423 557 1488 alto
572 1423 748 1491 conforme
763 1445 784 1489 a
799 1422 832 1488 la
847 1433 964 1489 nostra
979 1423 1203 1509 professione.
1223 1421 1368 1490 Chiamo
1384 1444 1464 1510 gra-

132 1518 140 1536 ’
240 1535 289 1603 tia
315 1537 348 1604 la
367 1537 522 1624 ponens,
547 1538 672 1624 perche
689 1537 931 1624 specialmente
953 1539 971 1605 ὲ
992 1538 1083 1604 dono
1103 1538 1138 1604 d’
1156 1537 1240 1619 ldio,
1263 1537 1409 1606 dicendo
1432 1539 1466 1606 la

237 1651 410 1719 scrittura:
429 1655 618 1739 Paupertas
633 1663 668 1721 et
682 1656 845 1720 honestas
864 1676 886 1720 a
906 1655 981 1722 Deo
1001 1656 1026 1735 ⁵;
1050 1664 1085 1721 et
1104 1654 1212 1721 sendo
1232 1653 1276 1721 da
1295 1652 1345 1720 lui
1368 1665 1464 1720 tanto
1518 1635 1528 1658 ⁸

240 1779 364 1848 amata,
379 1779 509 1853 quanto
525 1767 558 1834 ci
573 1779 701 1836 mostra
715 1770 739 1834 l'
753 1768 935 1856 unigenito
947 1791 1025 1850 sun,
1039 1769 1097 1854 qui
1110 1791 1131 1835 a
1142 1769 1316 1855 regalibus
1328 1768 1470 1836 sedibus

239 1865 453 1952 descendens
469 1884 494 1964 ⁸,
513 1884 609 1952 volse
623 1904 766 1954 nascere
781 1906 848 1951 con
859 1887 893 1952 la
904 1884 1060 1971 pouertt,
1078 1904 1237 1954 crezcere
1253 1906 1320 1952 con
1341 1885 1464 1969 quella.

241 2000 286 2066 Et
302 2020 373 2066 non
389 2001 462 2066 solo
479 1998 515 2065 in
530 1999 601 2065 vita
615 2000 639 2064 l'
657 2001 747 2080 arne,
765 2003 913 2086 patendo
930 2001 1030 2081 fame,
1053 2010 1152 2082 sette,
1171 2011 1206 2070 et
1222 2019 1291 2066 nun
1307 2000 1470 2067 hauendo

241 2114 300 2181 vbi
317 2114 496 2184 reclinaret
512 2126 616 2200 caput
630 2137 731 2182 suum
749 2117 773 2196 ⁵,
792 2138 848 2181 ma
867 2116 971 2184 etiam
991 2115 1025 2183 in
1042 2126 1162 2196 morte,
1185 2115 1332 2183 volendo
1352 2135 1471 2184 essere

240 2229 387 2316 spoliato
402 2231 491 2298 delle
506 2241 603 2299 veste
618 2252 692 2311 sue,
710 2242 745 2298 et
761 2234 825 2298 che
844 2231 928 2318 ogni
950 2252 1041 2313 cosa,
1064 2231 1177 2298 insino
1198 2232 1231 2298 al
1252 2251 1361 2316 acqua
1377 2231 1473 2298 nella.

242 2356 331 2414 sette
345 2367 420 2426 sua,
438 2345 462 2412 li
482 2347 696 2414 manchasse.

309 2461 416 2528 Volse
431 2462 464 2527 la
475 2460 652 2548 sapientia,
667 2465 731 2528 che
743 2484 812 2528 non
825 2467 893 2548 pub
906 2461 1093 2550 inganarsi,
1106 2474 1251 2528 mostrar
1267 2463 1299 2528 al
1311 2462 1437 2528 mondo
1446 2459 1473 2540 ³,

243 2577 394 2645 secondo
412 2578 587 2643 Bernardo
603 2579 628 2658 ⁰,
647 2589 778 2663 quanto
796 2579 885 2645 fosse
901 2578 1054 2664 preciosa
1071 2579 1184 2664 quella
1204 2577 1281 2664 ioya
1301 2577 1391 2645 della
1411 2597 1472 2662 po·

244 2695 345 2761 uerta
363 2690 391 2775 ,1,
420 2691 476 2759 cui
496 2693 611 2762 valore
631 2715 700 2761 non
723 2716 783 2763 era
803 2694 1029 2781 cognosciuto
1049 2694 1105 2761 nel
1122 2695 1260 2775 monde,
1278 2714 1346 2761 con
1362 2693 1385 2759 l'
1402 2692 1474 2761 ele·

243 2807 357 2875 ctione
373 2830 448 2889 sua,
467 2830 488 2875 a
503 2807 558 2875 cib
574 2830 644 2875 non
659 2808 787 2895 paressi
803 2811 837 2877 la
851 2832 915 2877 sua
934 2808 1104 2892 doctrina,
1122 2810 1225 2891 beati,
1244 2809 1303 2895 qui
1319 2807 1476 2878 esuriunt

246 2934 282 2991 et
296 2923 418 2991 sitiunt
433 2922 453 3005 ¹,
471 2920 562 2990 beati
578 2946 757 3011 pauperes,
775 2935 841 2992 etc.
863 2930 886 3007 ¹,
905 2925 1104 2995 dissonante
1120 2926 1208 2993 della
1222 2924 1305 2993 vita.

314 3038 618 3109 Medesimamente
630 3040 659 3105 si
671 3051 799 3107 mostra
811 3051 939 3125 quanto
955 3040 1005 3108 sia
1021 3040 1213 3127 appreciata
1224 3040 1268 3108 de
1281 3038 1352 3105 Idio
1364 3040 1396 3105 la
1408 3061 1472 3125 po-

249 3156 358 3235 uertai,
375 3155 532 3224 vedendo
551 3156 574 3220 l'
597 3154 792 3224 electissimi
812 3155 911 3222 amici
931 3156 1019 3237 suoi,
1037 3154 1196 3224 massime
1215 3154 1270 3221 nel
1287 3175 1403 3220 nuouo
1420 3165 1473 3223 te-

247 3280 429 3351 stament0,
447 3269 685 3337 cominciando
699 3272 788 3338 dalla
804 3294 866 3339 sua
880 3284 903 3311 ¹¹²
918 3270 1111 3339 santissima
1127 3271 1244 3338 madre
1259 3281 1294 3337 et
1315 3268 1474 3355 apostoli,

248 3395 283 3451 et
299 3385 519 3453 discorrendo
535 3408 595 3471 per
611 3386 696 3453 tanti
713 3386 818 3473 tempi
833 3387 945 3453 insino
961 3386 1018 3454 alli
1034 3385 1154 3469 nostri,
1172 3406 1265 3455 esser
1284 3384 1364 3452 stati
1381 3404 1475 3451 com-

248 3510 448 3569 munmente
464 3500 595 3586 poueri,
617 3500 825 3591 imitando'li
845 3500 974 3567 subditi
993 3502 1018 3566 il
1036 3522 1099 3569 suo
1120 3522 1168 3583 rc,
1191 3500 1215 3566 li
1235 3499 1357 3567 soldati
1377 3511 1392 3538 ¹²
1413 3519 1478 3565 suo

248 3614 420 3702 capitano,
436 3614 460 3681 li
476 3616 619 3686 membri
635 3618 659 3683 il
674 3637 738 3683 suo
753 3638 839 3703 capo
854 3618 920 3684 X.⁰

317 3732 429 3797 Tanto
449 3754 536 3798 sono
559 3730 682 3818 grandi
707 3731 730 3797 li
750 3732 869 3819 poueri
890 3733 946 3799 nel
966 3740 1150 3817 conspecto
1170 3730 1304 3811 diuino,
1328 3733 1393 3796 che
1415 3750 1476 3816 per

418 3855 459 3863 ⁶—-

302 3914 317 3951 s
352 3898 476 3953 essermi
497 3915 640 3953 concesso
660 3900 749 3957 alter.
769 3918 815 3955 ex.
854 3901 903 3943 -h
923 3900 1012 3955 Deest
1029 3900 1063 3955 in
1080 3900 1170 3955 alter.
1187 3918 1233 3955 aa.
1272 3900 1316 3941 ..t
1334 3897 1424 3953 Deest
1442 3897 1475 3951 in

249 3988 340 4042 alter.
354 4005 399 4041 ex.
438 3988 480 4038 -i
499 3988 617 4043 Desunt
629 3990 785 4059 sequentia
797 3990 857 4043 duo
870 3989 971 4045 verba.
1009 3992 1059 4033 ..k
1078 3989 1209 4061 pouerta,
1223 3988 1344 4043 ilalter.
1359 4004 1405 4041 ex.
1442 4014 1477 4030 -

251 4076 258 4116 ¹
277 4084 309 4130 et
320 4075 449 4131 sisiliunt
461 4095 530 4143 ms.;
544 4078 577 4132 in
590 4078 678 4132 aller.
693 4096 738 4133 ex.
753 4082 831 4133 recte
849 4079 996 4149 scriptum
1014 4084 1065 4134 est.
1104 4093 1161 4120 -m
1180 4079 1269 4132 Deest
1282 4078 1315 4131 in
1329 4076 1418 4131 alter.
1431 4092 1478 4130 ex.

251 4181 302 4207 -n
320 4163 425 4219 soldati
437 4164 458 4219 il
471 4166 560 4220 alter.
574 4184 621 4221 ex.

306 4317 317 4349 ³
353 4315 587 4387 Eccr1.x1‚14.

306 4407 318 4438 ⁴
355 4404 614 4475 sm.xv111,15.
765 4432 769 4441 ·

308 4494 319 4527 ⁵
356 4494 484 4547 Maras.
500 4492 580 4561 Vlll,
595 4506 641 4562 20;
655 4494 733 4550 Luc.
748 4495 801 4567 IX,
814 4494 859 4565 58.

306 4582 318 4617 ⁶
356 4580 523 4636 Serm.Iin
537 4581 597 4651 vig.
609 4582 677 4640 Nat.
693 4584 779 4642 Dom.

308 4674 318 4704 ⁷
357 4670 485 4724 Marcu.
501 4669 538 4740 V,
551 4668 578 4740 3,
593 4670 621 4738 63
635 4670 713 4727 Luc.
729 4672 779 4744 VI,
796 4686 839 4727 20.
