3625 5400
396 1015 639 1098 sersroira
665 1017 821 1098 sautu
847 1015 1013 1098 ronam
1039 1017 1099 1100 m
1125 1015 1301 1100 101011
1388 962 1391 967 ⁴

794 1179 898 1187 ——·-

587 1291 854 1358 PRAEFATIO
878 1291 1116 1360 SPECIALIS

843 1432 858 1486 1

376 1505 423 1613 'ne
443 1557 569 1624 epulone
587 1557 636 1613 su.
656 1557 752 1632 Ignatii
771 1571 804 1614 ac
823 1555 859 1614 de
879 1556 961 1614 editis
979 1553 1086 1614 illarum
1100 1554 1312 1614 collecturum
1336 1540 1339 1549 ’

266 1681 289 1724 1.
304 1679 389 1724 Rocur
405 1680 603 1727 dueentem-2.
620 1680 807 1724 Canrsrornoru
823 1680 1001 1726 Garrire-³.
1015 1681 1150 1725 urucam
1164 1680 1304 1725 Bourxel.
1320 1680 1429 1726 Cantas.

304 1787 400 1856 Patri
413 1791 530 1856 Rocho
543 1791 729 1856 Menchaca
746 1791 753 1822 ¹
770 1800 843 1855 erat
862 1811 951 1855 «non
968 1790 1071 1857 modo
1086 1788 1295 1869 mirabile...,
1309 1791 1370 1857 sed
1382 1812 1462 1876 pro-

236 1904 333 1991 digio
349 1903 458 1971 simile
474 1904 604 1969 nullum
622 1897 790 1971 hactenus
803 1903 958 1972 extitisse
972 1903 1008 1969 in
1025 1903 1149 1970 talibus
1165 1925 1204 1970 ac
1222 1903 1325 1971 tantis
1341 1905 1461 1973 Socie-

238 2020 318 2087 tatis
326 2023 410 2108 Jesu
424 2019 595 2100 PatribuS,
611 2018 669 2104 qui
686 2021 845 2088 collectas
861 2019 897 2086 in
914 2041 1020 2085 unum
1032 2019 1150 2088 Sancti
1166 2019 1323 2088 Parentis
1339 2020 1462 2106 Ignatii

236 2137 366 2215 literae,
380 2137 575 2205 selectiores
587 2140 706 2205 saltem
719 2149 753 2205 et
765 2137 1039 2224 praestantiores
1054 2136 1090 2202 in
1102 2137 1212 2203 lucem
1225 2135 1368 2218 dederit,
1382 2157 1460 2204 cum

236 2252 421 2339 singularis
437 2256 511 2338 ejus
531 2253 705 2332 sanctitas
728 2253 913 2320 christiana
934 2273 1017 2319 sane
1037 2251 1230 2339 prudentia,
1253 2263 1288 2317 et
1307 2251 1463 2317 doctrina

236 2367 401 2436 divinitus
418 2368 543 2450 infusa,
559 2367 808 2436 inflammandis
830 2367 1038 2454 quibuslibet
1059 2366 1175 2433 divino
1196 2389 1310 2434 amore
1330 2388 1464 2452 semper

206 2561 211 2572 ι
236 2482 381 2562 intenta,
397 2481 441 2548 'in
469 2483 534 2549 illis
557 2483 772 2569 potissimum
796 2485 1042 2569 resplendeat».
1070 2485 1118 2549 lta
1145 2483 1362 2568 praefabatur
1384 2483 1463 2566 jure

236 2598 366 2684 optimo
382 2599 437 2666 ille
453 2597 516 2678 vir,
535 2597 570 2663 in
586 2619 650 2664 suo
665 2619 767 2684 opere
783 2599 794 2630 ⁹
812 2596 1033 2684 epistolarum
1050 2598 1113 2666 Sti.
1132 2596 1267 2683 Ignatii.

304 2715 415 2781 Nobis
431 2736 512 2781 vero
528 2714 699 2782 volumina
716 2714 965 2801 ignatianarum
982 2714 1214 2800 epistolarum,
1229 2736 1316 2798 quae
1330 2724 1405 2798 post
1422 2713 1464 2778 il-

236 2830 304 2897 lius
322 2832 428 2896 saturn
445 2830 481 2896 in
497 2832 607 2899 lucem
623 2830 832 2916 prodierunt,
847 2830 1119 2916 inspicientibus
1132 2830 1200 2924 vel,
1216 2840 1253 2895 ut
1268 2829 1395 2897 rectius
1411 2831 1463 2895 lo-

238 2968 397 3033 quamur,
411 2946 581 3011 sociorum
593 2944 817 3031 diligentiam,
832 2946 866 3011 in
879 2944 1021 3012 edendis
1033 2945 1216 3031 ignatianis
1228 2944 1380 3032 epistolis
1391 2946 1463 3011 col-

237 3062 401 3139 locatam,
424 3059 731 3140 considerantibus
755 3060 889 3127 videtur
905 3059 1092 3127 certissime
1112 3062 1254 3126 Rochus
1275 3062 1463 3126 Menchaca

238 3188 312 3243 turn
330 3178 483 3262 exemplo
501 3186 573 3241 turn
596 3175 807 3260 querimonia
827 3197 891 3243 sua
913 3175 1036 3262 Ignatii
1056 3176 1189 3242 sodales
1209 3176 1249 3242 ad
1270 3174 1353 3242 illud
1376 3197 1463 3261 opus

234 3291 491 3377 suscipiendum
502 3290 669 3360 excitasse
681 3291 889 3376 eisdemque,
905 3302 943 3357 ut
958 3292 1172 3377 perficerent,
1187 3291 1327 3359 aculeos
1342 3292 1462 3357 adrno-

233 3406 339 3476 visse.
357 3398 514 3493 Quat'uor
529 3406 620 3472 enirn
642 3404 843 3475 selectiones
860 3406 1081 3492 ,epistolarum
1103 3406 1166 3474 Sti.
1187 3406 1324 3492 Ignatii,
1347 3407 1463 3492 elapso

234 3523 375 3589 saeculo
393 3544 467 3602 xrx,
486 3532 567 3587 sunt
582 3521 619 3587 in
634 3523 745 3587 lucem
762 3520 917 3589 emissae:

294 3720 301 3751 ¹
339 3716 433 3771 Natus
447 3723 492 3771 est
505 3716 536 3770 in
549 3716 625 3770 valle
639 3723 669 3769 et
683 3714 789 3787 oppido
802 3714 916 3783 Llodio,
928 3715 1096 3787 provinciae
1110 3716 1230 3787 Aleuae,
1247 3715 1278 3769 18
1292 3716 1364 3771 Dec.
1383 3713 1461 3785 17433

236 3806 268 3860 in
283 3803 462 3861 Societatem
475 3806 627 3875 ingressus
643 3805 674 3859 18
687 3804 755 3861 Oct.
771 3805 849 3875 1760,
863 3822 930 3859 curn
943 3805 1032 3861 sociis
1051 3823 1088 3860 ex
1106 3805 1249 3877 Hispania
1262 3821 1279 3859 a
1296 3804 1401 3861 Carolo
1422 3804 1465 3857 111

236 3893 351 3965 ejectus
367 3894 444 3963 1767,
461 3902 582 3948 mortem
596 3893 721 3965 oppetiit
737 3906 769 3964 19
783 3894 860 3963 Aug.
879 3894 956 3949 1810.

292 3982 304 4015 ²
340 3979 505 4051 «Epistolae
525 3980 626 4035 Sancti
643 3979 750 4050 Ignatii
768 3980 908 4052 Loyolae,
926 3980 1083 4037 societatis
1101 3982 1167 4036 lesu
1183 3979 1361 4051 fundatoriS,
1380 3979 1463 4035 libris

237 4078 363 4141 quatuor
375 4069 560 4139 distributae,
573 4069 681 4142 quibus
694 4069 808 4124 accedit
820 4069 895 4125 liber
908 4070 1122 4125 sententiarum
1135 4070 1276 4140 eiusdem,
1293 4086 1360 4125 curn
1379 4086 1462 4141 prae·

237 4254 376 4317 strantur‚
391 4246 655 4318 cumpluriutnque,
673 4263 726 4301 seu
743 4244 972 4317 deperditarum,
989 4247 1053 4301 sive
1070 4247 1224 4302 latentium
1242 4254 1415 4317 argumenta
1433 4257 1464 4302 et

235 4333 401 4405 fragmenta
414 4334 622 4406 producuntur.
636 4334 782 4390 Nonnulla
792 4336 910 4391 demum
920 4335 1053 4390 eiusdem
1065 4335 1165 4391 Sancti
1175 4336 1292 4407 Ignatii,
1302 4353 1369 4391 cum
1382 4344 1463 4390 certa

237 4432 299 4480 turn
311 4424 401 4481 dubia
414 4410 563 4495 Opuscula
577 4432 607 4477 et
620 4425 804 4479 Documenta
817 4424 847 4479 in
865 4424 1039 4497 Appendice
1059 4433 1089 4479 et
1108 4425 1180 4480 alibi
1197 4443 1328 4498 sparsae
1346 4442 1378 4479 re
1395 4434 1463 4479 nata

236 4512 446 4585 producuntur:
460 4510 583 4567 adiectis
595 4520 721 4583 quatuor
737 4511 893 4569 indicibus.
913 4514 939 4568 A
958 4514 994 4567 R.
1014 4515 1065 4584 11,
1085 4514 1155 4569 olim
1173 4513 1331 4570 Societatis
1344 4515 1412 4568 lesu
1432 4514 1462 4568 in

238 4600 407 4657 Castellana
419 4600 568 4673 provincia
580 4600 939 4669 sacerdote-Bononiae,
960 4601 1150 4658 MDCCCIV.
1168 4603 1254 4674 Reip.
1269 4603 1330 4657 ital.
1346 4619 1393 4657 an.
1407 4600 1461 4656 111.

239 4690 332 4763 Typis
345 4690 484 4762 Gasparis
496 4690 533 4745 de
547 4689 740 4745 Franciscis.u
