3625 5400
637 499 741 558 Erisr.
763 499 949 567 ¹72·*MAJ0
970 509 1038 567 1547
1361 510 1413 567 515
1471 499 1473 504 ’

295 654 342 721 ΑΙ
357 651 622 721 reverendtsimo
638 651 809 731 cardenal,
827 662 968 717 nuestro
983 655 1108 717 comr'm
1130 648 1137 688 ¹
1158 659 1270 730 senor,
1294 652 1337 718 V.
1361 654 1450 721 Sria.

161 813 167 823 ·
227 791 266 838 se
281 768 386 855 digne
401 769 445 836 de
460 768 561 834 besar
575 789 635 833 sus
650 787 769 833 manos
784 788 828 834 en
844 765 892 830 mi
906 767 1060 832 nombre.

294 886 348 950 No
364 894 440 951 otro
455 905 517 970 por
532 893 618 965 esta,
636 883 713 949 sino
730 893 845 949 tornar
861 888 881 948 a
897 887 1031 968 rogata
1047 882 1079 947 la
1094 881 1211 949 diuina
1222 882 1359 948 bondad
1370 903 1451 968 pos-

227 1021 286 1068 sea
301 1022 344 1067 en
360 1011 518 1067 nosotros
534 1000 568 1065 lo
582 1018 651 1082 que
665 1019 704 1065 es
719 1008 815 1064 tanto
831 1018 917 1083 suyo
933 1019 994 1082 par
1019 1007 1131 1064 tantos
1156 997 1285 1080 titulos,
1309 1021 1331 1084 y
1354 1019 1450 1068 aere-

226 1114 339 1183 ciente
354 1113 420 1182 enJ'
437 1115 480 1181 V.
499 1116 587 1182 Sria.
606 1114 705 1180 todos
720 1134 780 1179 sus
795 1134 878 1198 muy
893 1111 1066 1197 preciosos
1082 1112 1189 1180 dones
1205 1135 1227 1198 y
1243 1113 1389 1200 gracias

292 1234 345 1298 De
361 1233 469 1297 Roma
484 1237 504 1296 a
523 1231 563 1296 18
578 1229 593 1268 ¹¹
608 1231 652 1297 de
668 1231 771 1314 Mayo
786 1230 831 1297 de
850 1244 946 1312 1547.

292 1349 346 1413 De
362 1347 405 1412 V.
425 1347 514 1415 SrIa.
531 1343 756 1411 humilissimo
772 1343 886 1410 sieruo
901 1363 945 1409 en
961 1344 993 1410 el
1008 1345 1119 1412 Senor
1135 1357 1287 1426 nuestro,
1305 1343 1312 1384 ¹

1109 1460 1271 1529 lanicio.

257 1625 264 1632 -
298 1577 492 1663 Inscriptio.
513 1577 615 1643 Carta
630 1596 698 1660 que
713 1575 758 1642 N.
778 1577 818 1641 Ρ.
837 1573 977 1661 Ignacio
993 1574 1146 1642 escreuio
1162 1581 1183 1641 a
1198 1577 1230 1640 lo
1247 1577 1333 1642 Rdo.
1352 1585 1454 1645 senor

231 1694 300 1758 don
317 1692 452 1759 Manoel
469 1691 622 1759 Sanches
637 1701 659 1728 ¹³
675 1689 773 1775 bispo
788 1690 831 1756 de
854 1691 969 1776 Targa
990 1690 1015 1770 ²,
1038 1689 1208 1758 residente
1229 1713 1274 1758 na
1295 1701 1388 1758 corte
1409 1692 1454 1758 do

195 1871 199 1879 .
233 1806 451 1876 serenissimo
467 1806 515 1874 rei
530 1807 572 1872 de
590 1805 755 1891 Portugal
772 1806 840 1871 don
851 1806 942 1892 Juan
961 1803 1053 1889 3.⁰...

805 1951 870 2030 172
1183 2023 1188 2032 .

549 2082 728 2150 PAULO
750 2082 804 2148 111
827 2082 985 2149 PONT.
1011 2082 1140 2148 MAX.

625 2208 713 2252 1101111
731 2208 837 2252 nausa
855 2209 936 2262 uiro
957 2207 1025 2265 1547
1046 2199 1065 2251 ¹.

237 2297 372 2351 Postulat
384 2296 527 2369 Ignatius
538 2313 558 2349 a
571 2295 713 2367 pontifice
730 2296 874 2362 maximo,
890 2299 924 2348 ut
941 2293 1072 2350 Societas
1082 2295 1157 2366 Jesu
1174 2294 1456 2350 sanctimonialium

722 2401 798 2438 cura
812 2383 965 2438 liberetur.

303 2500 502 2569 Beatissime
520 2503 633 2566 Pater.

301 2617 428 2686 Deuoti
444 2615 635 2683 sanctitatis
651 2626 785 2683 vestrae
801 2625 965 2698 oratores,
983 2616 1198 2704 praepositus
1215 2627 1249 2684 et
1269 2615 1458 2703 presbyteri

141 2764 146 2775 ·
233 2734 416 2805 societatis
427 2736 524 2821 Jesu,
542 2732 578 2797 in
593 2732 740 2799 ecclesia
755 2733 792 2800 S.
812 2730 940 2800 Mariae
955 2733 998 2797 de
1014 2734 1140 2815 Strata,
1159 2732 1194 2800 in
1211 2733 1299 2799 alma
1316 2735 1421 2814 Vrbe,
1440 2756 1459 2798 a

235 2849 417 2917 sanctitate
434 2859 547 2915 vestra
561 2860 708 2928 erectae,
726 2846 903 2914 institutae
919 2858 953 2915 et
969 2849 1189 2933 approbatae,
1207 2872 1278 2916 non
1302 2850 1427 2915 desunt
1447 2860 1461 2888 ⁸

235 2987 298 3051 pro
314 2964 446 3031 viribus
462 2974 498 3032 et
513 2963 608 3033 tenui
625 2964 775 3049 ipsorum
792 2964 953 3029 facultate
969 2983 1129 3032 exercere
1145 2986 1182 3031 se
1197 2962 1232 3030 in
1254 2964 1461 3049 quotidianis

236 3080 409 3165 obsequiis
425 3079 589 3148 ecclesiae
605 3078 670 3145 Dei
686 3088 721 3146 et
736 3076 866 3143 domini
886 3078 993 3143 nostri
1011 3081 1095 3166 Jesu
1118 3078 1258 3159 Christi,
1281 3090 1315 3146 et
1336 3102 1461 3147 conse·

236 3207 381 3280 quenter
398 3193 591 3263 sanctitatis
606 3204 753 3276 vestrae,
772 3194 925 3261 eiusdem
941 3192 955 3233 '³
971 3193 1006 3259 in
1023 3194 1122 3261 terris
1136 3194 1265 3262 vicarii.

289 3349 297 3389 i
333 3354 453 3402 nuestro
468 3362 553 3401 como
569 3346 631 3399 cad.
654 3346 752 3400 Vitett.
772 3346 813 3400 ΙΙ.
852 3345 893 3395 -1’
913 3344 1094 3401 acresciente
1107 3364 1123 3401 a
1136 3346 1209 3401 ibid.
1248 3350 1298 3389 -t
1318 3348 1409 3401 Roma
1430 3346 1461 3401 18

235 3438 307 3491 ibid.
345 3438 388 3478 -Ι
407 3437 545 3491 Desider.
559 3437 612 3489 troc
628 3435 751 3489 verbum
764 3436 798 3488 iu
816 3436 896 3489 (read.
919 3434 1044 3512 Viteltar
1074 3452 1130 3479 —m
1148 3436 1186 3490 In
1203 3439 1283 3492 acad.
1303 3436 1393 3491 Ebor.
1414 3431 1460 3491 II»

236 3542 344 3581 nomeu
357 3529 385 3581 et
397 3542 562 3598 cognomen
574 3523 704 3596 episcopi
713 3525 1016 3595 praetermittuntur.

289 3630 303 3656 ²
339 3630 398 3669 non
411 3612 550 3668 desinunt
562 3612 707 3667 Baltaud.
747 3614 796 3655 ¹—b
815 3613 1019 3668 Desideratur
1031 3614 1065 3667 iu
1079 3614 1177 3669 «Hrst.
1190 3616 1226 3669 de
1245 3614 1309 3670 Soc.
1321 3615 1427 3686 Jesu.»

290 3752 301 3782 ²
338 3746 435 3819 Hujus
448 3746 504 3801 viri
518 3746 696 3801 mentionem
709 3746 780 3801 facit
793 3745 910 3817 Sousit,
924 3747 970 3801 De
990 3746 1144 3820 origine...
1165 3749 1195 3803 S.
1218 3748 1320 3821 Officii
1333 3751 1462 3819 Inquisi-

237 3838 329 3892 tiouis
340 3837 374 3890 iu
387 3837 492 3910 reguis
507 3836 694 3900 Lusitaniae,
709 3853 776 3907 pag.
791 3850 836 3906 24,
850 3835 901 3908 qui
914 3844 1056 3891 tractatus
1069 3837 1239 3908 praefigitur
1255 3838 1347 3910 operi:
1367 3841 1463 3912 Apho-

168 3960 171 3967 -
236 3926 326 3981 rismi
340 3927 551 3997 inquisitorum
565 3924 697 3995 ejusdem
710 3925 849 3996 auctoris,
862 3941 950 3998 aquo
964 3934 1073 3997 tamen,
1083 3927 1326 3999 quemadmodum
1339 3930 1376 3983 ab
1386 3928 1471 4001 aliis,
1516 3924 1522 3937 '

237 4014 410 4082 «Sanctus»,
424 4031 482 4069 non
495 4013 637 4081 Surenas,
651 4014 883 4085 cognominatur:
899 4015 954 4069 «D.
969 4017 1140 4071 Emmanuel
1152 4015 1286 4084 Sanctos,
1300 4018 1463 4089 Episcopus

237 4104 428 4174 Targuensis,
446 4104 497 4176 qui
519 4111 657 4176 tanquam
675 4103 833 4175 Inquisitor
851 4103 978 4175 praefuit
997 4104 1093 4159 dictae
1110 4102 1296 4177 Inquisitioni
1313 4106 1462 4179 Vlyssipo-

237 4192 322 4248 nensi
338 4192 379 4246 13.
395 4193 553 4248 Decembr.
577 4192 672 4261 15⁶u·
692 4191 761 4247 Fuit
778 4194 868 4255 etiam
885 4192 1001 4265 adjutor
1018 4194 1229 4267 archiepiscopi
1247 4195 1461 4267 olisiponensis,

238 4280 415 4336 Ferdinandi
427 4281 465 4335 de
478 4281 698 4348 Vasconcellos,
712 4288 894 4354 mortemque
908 4281 1054 4353 appetivit
1066 4281 1097 4337 31
1115 4284 1243 4353 Augusti
1258 4295 1337 4353 1570.

291 4372 299 4402 ¹
337 4372 382 4425 Ex
399 4371 463 4425 cod.
482 4371 569 4425 Rom.
584 4371 608 4439 1,
623 4388 651 4424 n.
666 4369 787 4441 CXXX,
801 4384 817 4425 2
829 4369 876 4441 if„
889 4372 982 4425 altero
999 4388 1081 4443 puro.
1102 4372 1190 4427 Aliud
1207 4380 1305 4429 exstat
1318 4390 1417 4447 apogr,
1433 4374 1461 4429 ia

211 4449 215 4459 ⁴
236 4460 339 4516 codice
358 4460 439 4515 Hist.
458 4462 494 4515 de
513 4461 577 4515 Soc.
589 4460 677 4531 Jesu,
696 4478 725 4514 n.
744 4474 772 4533 2,
792 4476 858 4532 pag.
883 4461 932 4529 1.⁸;
953 4468 984 4515 et
1001 4460 1089 4527 aliud,
1108 4460 1161 4515 sed
1179 4460 1299 4517 brevius
1316 4470 1347 4517 et
1364 4463 1463 4533 lingua

236 4549 358 4621 hispana
371 4549 525 4620 scriptum,
538 4550 569 4603 in
581 4549 683 4605 codice
696 4550 838 4605 Instrrtct.
854 4550 879 4615 I,
895 4562 908 4603 1
928 4549 991 4619 foi,
1009 4568 1038 4605 n.
1058 4550 1281 4619 aaa—Curias,
1297 4560 1317 4605 t.
1339 4554 1359 4623 1,
1380 4568 1461 4624 pags.

236 4637 290 4707 473
312 4646 343 4693 et
362 4651 426 4707 474,
449 4637 641 4711 descriptum,
663 4647 695 4693 ut
717 4639 759 4695 ibi
780 4638 899 4711 dicitur,
921 4657 958 4695 er
981 4640 1126 4710 Bolland.‚
1150 4642 1243 4695 «Acta
1266 4642 1368 4698 Sauct.
1390 4642 1462 4706 Iul„

238 4737 309 4782 tom.
325 4728 391 4799 VII,
407 4729 444 4798 ἐξ
457 4726 605 4798 413·4Ι5.11
