3625 5400
486 550 490 559 ,
544 463 651 522 111111.
671 465 975 534 75.-Dscunauurs
993 463 1166 534 ass01543
1379 461 1432 520 183

696 621 879 808 IGNOTIS
904 741 1017 808 VIRO

579 864 667 909 aona
686 865 900 910 nscumsrs
919 866 1007 910 aruo
1028 851 1096 924 1543
1108 857 1128 908 ⁴.

249 948 357 1004 Virum
366 950 538 1020 quemdam,
546 950 717 1006 utRomam
725 968 756 1006 se
764 951 913 1024 conserat,
923 953 1065 1008 1111111111
1073 952 1229 1026 ignatius·
1234 954 1313 1024 quod
1321 953 1349 1007 si
1351 951 1466 1025 saciat,

357 1040 520 1113 hospitium
532 1041 629 1097 sidem
641 1060 678 1097 ac
689 1043 803 1097 duobus
814 1042 901 1098 sociis
913 1059 943 1099 sa
952 1042 1166 1114 praebiturum
1176 1043 1348 1114 pollicetur.

699 1237 704 1245 ·
799 1140 900 1284 Jbils.·

310 1310 359 1376 La
374 1285 605 1396 suma‘gracia
619 1332 642 1395 y
656 1331 752 1376 amor
766 1310 811 1378 de
820 1309 1035 1399 Jesuchristo
1052 1313 1097 1380 N.
1115 1313 1153 1382 S.
1176 1333 1234 1380 sea
1254 1311 1399 1398 siempre
1423 1332 1467 1376 en

244 1436 385 1491 nuestro
400 1426 532 1512 fauory
547 1447 591 1493 en
607 1435 746 1493 nuestra
767 1426 891 1511 ayuda.
977 1497 982 1504 ,

298 1657 306 1688 ¹
343 1657 388 1711 Ex
409 1658 473 1712 cod.
494 1657 608 1722 Vitezl„
629 1673 741 1730 apogr„
767 1670 779 1712 1
802 1655 867 1728 iol,
888 1675 918 1713 n.
937 1655 999 1726 333,
1018 1657 1099 1730 prius
1120 1671 1180 1727 147.
1199 1657 1262 1714 Nec
1280 1673 1405 1731 perona
1416 1658 1465 1713 cui

243 1743 426 1813 inscribitur,
437 1761 493 1801 nec
502 1745 670 1818 scriptionis
679 1745 746 1824 dies
756 1756 807 1804 aut
819 1763 913 1802 annus
925 1746 1063 1818 affigitur.
1076 1745 1255 1820 ConJ'icimus
1266 1756 1364 1802 tamen
1373 1749 1465 1814 (mera

242 1833 411 1905 conjectura
430 1837 488 1901 est)
509 1834 664 1907 epistolam
681 1835 788 1906 Joanni
806 1835 962 1893 Verdolaio
978 1836 1160 1909 datamesse,
1183 1844 1213 1892 et
1235 1835 1333 1892 datam
1346 1835 1464 1908 quidem
1563 1839 1565 1843 ’

242 1922 416 1979 decurrente
434 1940 511 1978 anno
530 1921 609 1994 1543.
622 1923 740 1979 Etenim
753 1925 782 1995 r)
799 1925 825 1980 si
841 1943 908 1980 cum
927 1925 1051 1999 epistola
1069 1939 1113 1998 11,
1130 1941 1205 2000 quae
1224 1933 1305 1981 certe
1325 1925 1465 1996 magistro

243 2012 400 2068 Verdolaio
416 2011 566 2084 scribitur,
579 2009 930 2087 comparetur,quaedtm
947 2031 1087 2088 apparere
1099 2014 1248 2086 videntur,
1262 2013 1419 2088 exquibus
1432 2011 1464 2067 fit

242 2101 393 2174 probabile
405 2101 443 2156 ad
455 2101 591 2158 eumdem
601 2102 697 2158 virum
707 2111 859 2176 utramque
869 2104 1024 2176 epistolam
1037 2103 1136 2160 scribi.
1147 2103 1309 2176 Utriusque
1322 2103 1466 2176 epistolae

241 2207 349 2262 scopus
361 2189 438 2246 idem
456 2197 514 2262 est,
527 2191 644 2246 allicere
661 2208 767 2263 nempe
784 2191 956 2262 magistrum
969 2190 1157 2249 Verdolaium
1169 2201 1202 2248 ut
1215 2192 1337 2246 Romam
1351 2208 1383 2246 se
1396 2207 1463 2246 con·

241 2278 326 2348 ierat3
337 2287 486 2334 momenta
495 2294 577 2350 vero,
586 2277 694 2352 quibus
704 2278 735 2334 id
744 2279 874 2350 lgnatius
884 2280 915 2336 in
924 2288 1048 2354 utraque
1061 2279 1184 2353 epistola
1194 2279 1317 2336 suadere
1330 2288 1465 2350 conatur,

241 2367 344 2424 eodem
354 2368 523 2425 collineant:
535 2368 630 2424 «visto
639 2369 668 2424 lo
676 2369 714 2424 de
726 2371 782 2425 alli
793 2386 815 2439 y
826 2368 1018 2426 considerado
1031 2371 1060 2426 lo
1072 2369 1110 2425 de
1122 2373 1185 2438 aci,
1195 2369 1221 2425 si
1234 2369 1325 2424 maior
1337 2369 1464 2424 seruicio

237 2476 258 2530 y
270 2457 364 2529 gloria
372 2457 410 2514 de
423 2465 543 2513 nuestro
553 2457 646 2513 Seiior
654 2456 846 2527 halldssedes,
856 2458 963 2512 mucho
972 2455 1078 2513 desseo
1087 2475 1145 2530 que
1158 2475 1196 2513 en
1206 2466 1285 2513 estas
1297 2465 1396 2529 partes
1409 2471 1465 2511 nos

239 2546 858 2620 11111111111111...1111110,4111111111111611
871 2547 977 2602 mucho
986 2564 1044 2620 que
1057 2548 1155 2618 hezer,
1169 2549 1220 2602 aea
1233 2546 1343 2602 terneis
1356 2549 1428 2614 mis,
1442 2563 1462 2618 y

241 2638 290 2691 vla
301 2653 371 2710 para
382 2637 445 2690 mis
461 2634 555 2692 seruir
571 2637 599 2691 al
611 2635 705 2691 Sedor
722 2653 780 2709 que
796 2635 923 2692 desedis.
937 2635 993 2691 Por
1006 2642 1088 2692 tanto
1100 2635 1193 2691 hazed
1205 2652 1264 2709 que
1275 2652 1330 2690 nos
1343 2650 1464 2690 veamos

240 2736 368 2798 presto.»
381 2724 463 2780 Haec
477 2723 609 2797 [gnatius
622 2724 652 2780 in
664 2724 751 2798 epist.
768 2738 812 2797 11,
824 2723 873 2780 die
882 2738 918 2795 24
927 2724 999 2797 Julii
1012 2723 1089 2796 1537.
1100 2722 1277 2797 Nunevero,
1292 2724 1322 2781 in
1335 2724 1389 2781 hac
1403 2725 1463 2796 epi-

241 2816 325 2886 stola,
343 2814 490 2869 desiderio
511 2812 631 2869 videndi
653 2814 736 2870 illum
756 2821 908 2884 renovato,
926 2814 957 2871 in
973 2815 1051 2871 hunc
1068 2813 1185 2870 modum
1202 2832 1289 2870 sensa
1307 2814 1352 2870 sui
1370 2814 1464 2886 ipsius

241 2902 396 2977 expromit:
410 2903 485 2958 «Por
502 2910 595 2973 tanto,
608 2901 880 2959 encomendandoos
896 2905 914 2959 1
931 2903 1003 2959 Dios
1016 2903 1054 2960 N.
1068 2902 1113 2974 S.‚
1127 2921 1165 2959 no
1183 2902 1312 2959 duuiteis
1330 2902 1369 2957 de
1383 2904 1412 2958 lo
1425 2902 1462 2958 de
1533 2891 1536 2897 ’

240 2996 301 3063 aod,
314 3010 335 3065 y
347 3008 386 3047 no
398 2991 524 3064 perddys
536 3000 618 3047 tanto
631 2993 742 3047 talento
754 3009 812 3065 que
832 2993 860 3048 el
872 2991 967 3048 Sedor
979 3001 1100 3049 nuestro
1113 3009 1145 3048 os
1158 3010 1175 3047 1
1188 2990 1280 3065 dad03⁴
1289 3009 1399 3064 porque
1412 3010 1462 3045 an-

240 3081 292 3137 dar
308 3098 361 3154 por
378 3088 457 3135 otras
474 3089 572 3154 partes
589 3096 622 3136 es
638 3097 692 3153 por
708 3080 826 3136 suentes
842 3099 863 3154 y
880 3098 1011 3154 arroyos,
1028 3084 1129 3154 yaqui
1141 3098 1174 3137 es
1192 3096 1243 3154 por
1255 3078 1382 3151 grandes
1400 3082 1463 3151 gol·

240 3170 287 3227 los
298 3170 335 3225 de
348 3186 419 3226 mar.
438 3169 531 3226 Cesso
549 3186 586 3224 en
604 3169 631 3225 el
649 3169 743 3226 Seilor
759 3179 890 3238 nuestro,
908 3169 1071 3243 esperando
1087 3174 1149 3226 mds
1167 3176 1285 3226 vuestra
1303 3168 1391 3240 aista,
1404 3185 1462 3241 que
1519 3224 1523 3235 ,

239 3267 422 3333 respuens.»
491 3250 494 3256 ’
1093 3304 1095 3307 .

291 3347 384 3419 1)Αά
405 3355 521 3419 tempus
541 3346 619 3419 quod
636 3347 757 3420 attinet,
779 3347 905 3405 suadent
922 3348 1075 3421 epistolam
1097 3347 1272 3404 decurrente
1294 3364 1370 3403 anno
1395 3346 1464 3417 1543

238 3436 331 3493 fuisse
344 3436 441 3492 datam
455 3438 546 3491 verba
558 3436 700 3509 quaedam
719 3437 811 3510 ipsius
824 3436 976 3510 epistolae:
990 3438 1025 3507 a)
1043 3436 1163 3505 mentio,
1180 3454 1255 3510 quae
1279 3437 1308 3491 in
1326 3454 1360 3491 ea
1373 3434 1406 3489 fit
1425 3434 1464 3490 de

238 3526 375 3582 Patribus
387 3525 523 3581 lusitanis
535 3526 657 3581 Romam
670 3526 895 3598 trajicientibus.
908 3527 972 3582 Hos
985 3542 1052 3582 esse
1065 3526 1268 3581 existimamus
1281 3526 1462 3597 Stephanum

237 3614 404 3669 Bersellum
415 3614 562 3686 aliumque
572 3615 695 3685 socium,
705 3632 831 3688 quocum
844 3632 883 3669 ex
894 3614 1074 3685 Portugallia
1086 3614 1210 3670 rediisse
1223 3614 1253 3669 in
1266 3612 1379 3669 Italiam
1394 3620 1465 3668 ante

238 3702 370 3775 Aprilem
383 3702 451 3757 anni
467 3714 534 3772 1542
547 3702 619 3758 dicit
631 3704 814 3774 PosnnctJS,
829 3702 954 3769 Claros„
972 3704 997 3774 1,
1016 3703 1061 3774 98.
1080 3704 1135 3759 His
1153 3719 1224 3775 ergo
1241 3702 1271 3758 in
1288 3703 1400 3759 Urbem
1418 3718 1462 3756 re·

237 3792 414 3862 meantibus,
428 3809 496 3847 cum
508 3791 671 3847 Barcinone
684 3793 880 3861 transiissent,
893 3792 945 3849 ubi
955 3780 1025 3849 tunc
1035 3795 1207 3849 versabatur
1217 3791 1399 3862 Verdolaius,
1412 3806 1463 3863 po-

237 3881 295 3936 tnit
306 3880 420 3936 litteras
432 3880 512 3948 dare,
526 3898 598 3953 quas
611 3879 647 3936 ad
660 3881 807 3952 Ignatium
820 3881 993 3955 perferrent.
1009 3882 1055 3936 De
1071 3882 1117 3937 his
1134 3882 1225 3953 igitur
1241 3880 1348 3937 litteris
1366 3879 1464 3951 potuit

237 3970 371 4041 Ignatirm
380 3968 489 4025 dicere:
501 3971 590 4024 «Dias
599 3970 660 4042 [h]a
669 3988 727 4043 que
736 3972 857 4027 recisi.»
867 3969 895 4043 b)
908 3970 1019 4031 mentio
1029 3970 1100 4029 item
1110 3970 1144 4025 fit
1152 3970 1190 4025 de
1202 3968 1308 4026 litteris
1320 3966 1462 4041 Stephani

236 4059 275 4115 de
287 4060 396 4131 Egula:
410 4076 467 4114 aun
484 4059 578 4130 gentil
596 4060 719 4115 hombre
734 4060 772 4115 de
785 4059 925 4129 Nabarra,
945 4078 1002 4133 que
1019 4076 1072 4132 por
1088 4077 1125 4133 ay
1145 4060 1260 4132 passo.»
1273 4058 1348 4129 Jam,
1368 4056 1462 4127 Eguia

235 4150 428 4206 Barcinonem
441 4148 580 4205 veniendi
593 4151 693 4221 plures
705 4167 757 4223 per
770 4148 800 4205 id
812 4160 928 4223 ternpus
940 4150 1110 4205 occasiones
1122 4146 1261 4205 babuisse
1275 4146 1461 4203 manifestum

235 4246 292 4294 est.
306 4237 407 4294 Potuit
420 4238 500 4295 enlm
513 4256 549 4294 eo
562 4240 710 4311 appellere
722 4254 790 4295 cum
803 4256 840 4295 ex
853 4239 938 4294 ltalia
955 4238 993 4293 ad
1011 4236 1195 4311 expedienda
1213 4236 1342 4309 negotia,
1360 4243 1393 4291 ut
1410 4234 1463 4289 So-

236 4329 374 4384 cietatem
387 4327 602 4400 ingrederetur,
614 4328 712 4390 rediit:
726 4328 822 4401 potuit
834 4345 900 4385 curn
920 4328 1048 4385 Didacus
1065 4328 1155 4384 frater
1172 4327 1214 4384 ibi
1234 4338 1301 4397 1541
1319 4325 1464 4397 tantisper

234 4425 431 4473 commoratus
443 4425 500 4486 est;
513 4418 609 4490 potuit
622 4434 711 4490 saepe
723 4418 794 4473 alias
807 4426 876 4474 ante
891 4416 924 4473 13
937 4418 1111 4474 Decembris
1130 4417 1209 4490 1543,
1230 4434 1288 4491 quo
1305 4414 1364 4487 die,
1383 4422 1462 4487 post-

233 4524 320 4580 quam
333 4508 408 4563 dnos
418 4524 536 4563 menses
550 4506 592 4563 ibi
603 4507 807 4579 transegisset,
820 4525 858 4563 ex
871 4515 957 4581 portu
970 4507 1174 4564 barcinonensi
1188 4508 1217 4563 in
1231 4506 1342 4563 ltaliam
1361 4505 1461 4575 solvit,

233 4603 267 4651 ut
280 4595 310 4652 in
322 4605 515 4669 conspectum
528 4596 644 4651 veniret
656 4597 751 4653 sancti
763 4596 878 4667 Ignatii.
893 4596 940 4653 Cf.
956 4598 1054 4669 Epist.
1068 4596 1194 4662 Mixtus,
1208 4596 1233 4667 1,
1249 4597 1309 4651 160.

289 4686 459 4757 Quaerere
472 4685 502 4741 in
515 4685 638 4757 epistola
651 4686 787 4742 dicuntur
800 4686 837 4742 de
849 4688 979 4743 officiosa
991 4686 1099 4760 Ignatii
1112 4704 1183 4761 erga
1200 4688 1371 4759 magistrum
1390 4686 1459 4741 Ver·
