3625 5400
603 499 1088 572 Earsr.118.—24Mauru1546
1227 499 1230 508 '
1369 501 1423 574 ³⁶9

231 653 344 722 teritu.
361 654 563 742 Adiungite,
581 677 699 742 queso,
718 655 890 740 quomodo
911 655 1093 723 videantur
1115 656 1159 721 ad
1182 655 1344 742 pietatem
1359 655 1456 723 inca·

230 769 359 838 lescere
375 771 480 839 corda
501 768 712 852 clericorum,
735 771 880 838 maxime
900 781 1015 837 autem
1037 772 1276 858 theologorum
1292 772 1326 838 in
1351 773 1457 838 colle-

231 883 310 970 giis,
325 908 367 954 ex
380 906 496 971 quare
511 886 548 952 in
564 885 708 955 ecclesia
720 897 836 954 tantus
853 886 985 952 fructus
996 885 1175 972 provenire
1186 898 1312 973 potest,
1327 900 1456 972 quanta

230 1022 273 1068 ex
300 999 429 1088 frigore
452 1001 611 1069 sterilitas
638 1012 672 1070 et
699 1001 824 1082 fames;
850 1001 906 1067 cui
930 1001 1053 1070 deinde
1080 1001 1363 1070 Lutheranismus
1386 1014 1456 1071 tam

229 1117 316 1184 male
328 1117 497 1184 succurrit
513 1117 668 1198 arbitror,
683 1137 783 1202 quam
796 1116 852 1183 via
863 1116 1017 1185 veritatis
1033 1116 1209 1186 evidenter
1225 1117 1344 1204 agnita
1355 1118 1456 1188 facile

228 1232 414 1300 abduceret
429 1233 562 1299 animos
577 1231 728 1300 fidelium
746 1233 790 1298 ab
804 1231 977 1298 erroribus
988 1231 1150 1319 principis
1167 1234 1396 1316 tenebrarum,
1412 1237 1457 1301 ab

222 1346 404 1431 ,heresibus
420 1357 455 1416 et
470 1347 614 1416 cecitate
631 1347 699 1416 vite
716 1356 864 1433 peracte,
883 1369 963 1414 cum
978 1347 1050 1415 vita
1061 1347 1246 1416 christiana
1258 1370 1321 1416 sua
1333 1350 1453 1416 condi-

227 1461 321 1529 tione
342 1484 481 1550 prorsus
507 1463 552 1530 sit
573 1463 739 1544 amabilia,
763 1473 893 1544 eterna,
917 1463 1029 1549 ipsum
1050 1484 1110 1529 cor
1132 1464 1262 1531 domini
1280 1464 1317 1530 in
1332 1462 1455 1557 no[bi]s

224 1579 337 1647 anime
352 1590 469 1646 nostre
485 1579 665 1660 rectitudo,
684 1579 799 1646 divina
823 1579 968 1665 equitas,
987 1575 1047 1666 per
1070 1601 1172 1665 quam
1193 1580 1306 1647 anima
1326 1580 1453 1648 deifor-

224 1693 287 1760 mis
300 1697 422 1763 effecta
433 1695 541 1781 ipsius
552 1697 653 1762 beata
665 1705 699 1763 et
712 1694 806 1762 vitali
819 1694 1016 1782 cognitione
1028 1698 1191 1782 gaudeat.
1205 1695 1243 1764 Si
1255 1718 1339 1765 vero
1351 1698 1451 1777 fideS,

224 1811 340 1876 bonus
349 1809 563 1878 adversarius
579 1821 614 1878 et
630 1820 763 1896 potens,
783 1831 884 1895 quem
901 1810 995 1877 dedit
1016 1811 1115 1877 nobis
1131 1811 1304 1894 dominus,
1327 1811 1363 1878 in
1384 1832 1455 1898 quo

224 1937 277 1993 est
289 1936 359 1993 tota
372 1938 407 1995 et
418 1927 519 2012 plena
530 1947 608 2012 spes
620 1924 761 1994 victorie
772 1936 889 1995 nostre
901 1934 937 1992 et
948 1925 1100 1992 fidelium
1114 1926 1301 1993 amicorum
1314 1937 1450 1994 nostro-

224 2064 312 2121 rum,
331 2053 390 2108 aut
406 2042 548 2128 languet
564 2052 624 2108 aut
644 2041 732 2109 iacet
754 2051 900 2122 mortua,
923 2041 980 2108 vix
995 2041 1031 2108 in
1052 2063 1117 2108 nos
1137 2042 1320 2128 quicquam
1341 2043 1454 2129 possi-

226 2179 314 2237 muS,
331 2158 503 2242 quomodo
519 2178 604 2244 ergo
620 2155 704 2223 alios
720 2156 929 2224 subiciemus
949 2156 1105 2224 Christo?
1120 2158 1365 2226 Sacerdotibus
1386 2157 1452 2225 ita-

226 2294 293 2358 que
308 2284 343 2340 et
358 2275 401 2340 ad
418 2275 625 2358 querendam
643 2271 875 2359 cognitionem
893 2272 1021 2339 Christi
1042 2285 1077 2341 et
1092 2273 1280 2340 voluntatis
1301 2273 1375 2342 eius
1390 2295 1453 2360 pe·

226 2389 399 2456 culiariter
427 2389 557 2455 vocatis
584 2387 764 2474 peculiaris
791 2388 958 2455 incumbit
984 2389 1187 2469 necessitas,
1210 2399 1249 2455 ut
1268 2412 1329 2476 per
1349 2390 1451 2457 fidem

224 2504 318 2570 vivat
333 2504 493 2571 Christus
509 2503 544 2569 in
560 2525 678 2571 eorum
690 2503 853 2570 cordibus
869 2514 903 2572 et
915 2503 1118 2572 sensualitas
1135 2516 1207 2571 tota
1219 2504 1292 2572 sive
1304 2504 1451 2573 crassior

223 2620 296 2688 sive
313 2619 559 2688 fraudulentior
575 2619 812 2699 interficiatur,
834 2641 875 2686 ea
895 2619 986 2688 enim
1003 2621 1098 2689 velut
1119 2621 1284 2708 paralysis
1304 2623 1451 2707 quedam

222 2728 433 2803 voluntatem
449 2736 606 2803 dissolvit
626 2736 764 2823 ignavia
784 2747 819 2803 et
839 2736 953 2803 omnia
973 2738 1125 2803 membra
1145 2738 1259 2805 anime
1280 2727 1448 2819 debilitat,

225 2863 262 2918 ut
274 2854 417 2921 verbum
433 2851 561 2919 domini
579 2851 711 2918 fortiter
725 2850 900 2919 continere
917 2872 987 2918 non
1003 2853 1151 2933 valeant,
1170 2854 1262 2938 quod
1282 2854 1454 2941 legittime

220 2968 398 3054 perfidem
415 2978 612 3054 susceptum
633 2977 668 3035 et
688 2965 897 3033 custoditum
919 2978 1044 3052 potens
1065 2978 1117 3035 est
1137 2969 1349 3036 voluntatem
1371 2970 1449 3037 red-

222 3084 304 3151 dere
319 3081 593 3169 insuperabilem,
612 3082 743 3149 animas
759 3093 892 3149 nostras
908 3083 1040 3150 salvare
1055 3094 1090 3149 et
1102 3084 1268 3151 mundum
1281 3082 1450 3152 subiicere

221 3188 349 3255 Christi
366 3188 543 3274 obsequio
562 3190 791 3257 Removeatur
808 3210 945 3273 quoque
960 3188 1128 3257 dubitatio
1145 3200 1180 3258 et
1199 3188 1389 3257 diffidentia
1404 3190 1447 3259 de

220 3306 296 3391 ipso
312 3326 391 3371 cum
408 3305 567 3371 omnibus
583 3304 693 3387 malis,
712 3304 836 3390 quibus
852 3304 974 3373 merito
993 3306 1182 3379 coniuncta,
1192 3317 1255 3385 est,
1280 3305 1449 3391 siquidem

220 3432 408 3507 spontanea
424 3420 589 3489 charitate
600 3418 705 3506 patris
721 3419 907 3506 promissus
922 3442 992 3487 non
1004 3420 1206 3507 rogantibus
1218 3432 1279 3488 aut
1291 3399 1448 3506 cogitan-

221 3536 312 3603 tibus
328 3546 363 3604 et
379 3558 440 3621 pro
467 3536 627 3603 omnibus
654 3534 891 3621 peccatoribus
918 3536 1033 3603 adhuc
1059 3537 1231 3603 exhibitus
1248 3538 1346 3604 firma
1365 3559 1446 3622 spes

121 3730 124 3738 .
219 3652 339 3719 salutis
354 3661 407 3719 est
423 3650 581 3718 omnibus
602 3650 795 3717 volentibus
819 3661 854 3716 et
880 3650 1119 3717 invocantibus
1140 3672 1219 3717 eum
1240 3651 1352 3718 anima
1375 3672 1445 3717 non

218 3766 385 3847 mendaci,
404 3767 507 3833 immo
517 3752 600 3833 vero
616 3776 651 3835 et
667 3766 817 3832 nondum
834 3764 1028 3832 volentibus
1041 3768 1165 3834 author
1177 3776 1211 3834 et
1224 3766 1445 3834 audientibus

217 3904 296 3950 eum
312 3892 580 3951 consummator.
609 3882 646 3947 ln
664 3903 732 3965 quo
759 3892 811 3949 est
839 3880 1026 3968 redemptio
1054 3881 1191 3968 copiosa
1218 3904 1280 3968 pro
1296 3881 1446 3967 peccatis

217 3998 354 4079 nostris,
372 3997 456 4078 vita,
479 3996 619 4077 sanitaS,
645 3996 821 4076 fortitudo,
845 3996 1023 4083 perfectio,
1047 3997 1239 4076 consilium,
1262 4000 1446 4063 thesaurus

216 4114 326 4181 omnis
342 4114 435 4197 boni,
454 4135 522 4199 quo
538 4113 765 4231 locupletetur
776 4123 893 4178 nostra
908 4123 1102 4206 paupertas.
1123 4114 1308 4192 Conemur,
1332 4112 1361 4178 si
1381 4134 1444 4178 va-

215 4232 337 4309 lemus,
356 4230 387 4297 ei
403 4230 545 4297 reddere
561 4250 656 4314 spem
672 4238 707 4295 et
723 4226 895 4307 fiduciam,
915 4249 1015 4312 quam
1029 4238 1179 4296 meretur
1192 4229 1352 4296 voluntas
1369 4228 1443 4295 eius

214 4356 249 4413 et
264 4367 358 4412 amor
374 4345 492 4413 salutis
509 4356 637 4425 nostre,
656 4346 896 4429 comprobatus
908 4342 1103 4411 testimonio
1119 4342 1298 4430 sanguinis
1310 4343 1364 4409 sui
1381 4364 1443 4428 pro

213 4462 326 4529 adhuc
342 4462 579 4548 peccatoribus
596 4460 707 4529 effusi.
731 4462 797 4526 Per
812 4462 901 4526 hanc
917 4480 1012 4545 spem
1029 4471 1148 4526 sancto
1164 4459 1284 4526 timore
1306 4458 1442 4525 munia-

213 4599 290 4644 mus
305 4598 364 4644 cor
380 4597 693 4663 expurgemusque,
712 4586 750 4639 ut
766 4575 809 4641 ab
830 4572 990 4641 omnibus
1005 4575 1105 4641 nobis
1125 4576 1287 4644 reddatur
1305 4596 1442 4643 summo

212 4692 351 4760 domino
366 4692 502 4759 debitus
518 4714 642 4761 census
659 4691 789 4757 timoris
808 4701 842 4758 et
863 4690 989 4756 amoris
1011 4690 1108 4771 casti,
1132 4704 1169 4759 ut
1192 4712 1441 4777 cognoscamus

346 4806 451 4851 Morou.
467 4806 681 4860 Iouna-Erras..
692 4818 753 4851 rou.
769 4804 792 4851 1.
1278 4806 1305 4849 24
