3625 5400
674 447 777 503 emsa.
798 445 916 518 89.-16
933 461 1010 513 Juru
1030 460 1097 517 1545
1407 445 1457 501 311

276 597 484 683 experientia
498 608 533 666 et
548 598 713 686 sapientia
729 597 911 685 plurimum
928 599 963 665 in
983 599 1132 667 Domino
1155 599 1370 681 confidimus,
1388 599 1432 666 ad
1455 624 1494 668 ea

274 713 387 779 omnia
402 715 612 800 exequenda,
627 737 694 801 que
706 715 807 783 latius
823 713 858 782 in
875 716 984 782 forma
999 714 1115 783 breuis
1129 715 1362 799 continentur,
1377 726 1494 784 tenore

274 828 502 913 praesentium
518 829 756 897 constituimus
772 841 807 899 et
827 832 1041 918 deputamus.
1060 833 1098 899 In
1121 853 1267 917 quorum
1291 832 1393 898 fidem
1417 852 1492 900 eas·

274 945 350 1011 dem
371 948 545 1030 presentes
564 945 696 1014 litteras
719 945 804 1027 fieri,
828 946 1006 1032 nostrique
1031 947 1124 1014 soliti
1146 946 1250 1034 sigilli
1273 945 1493 1032 impressione

274 1059 398 1126 muniri
415 1061 568 1142 fecimus
587 1083 713 1146 easque
729 1084 832 1128 manu
848 1063 985 1150 propria
996 1061 1270 1150 subscripsimus.

341 1179 468 1244 Datum
485 1179 613 1245 Rornae
628 1177 663 1243 in
675 1177 776 1245 domo
786 1179 1070 1268 Societatisjesu‚
1084 1178 1175 1266 apud
1187 1187 1339 1245 sanctam
1351 1178 1492 1245 Mariam

272 1296 315 1393 de
330 1295 465 1375 Strada,
483 1316 573 1362 anno
587 1296 631 1362 D.
651 1295 693 1362 N.
708 1297 792 1384 Jesu
805 1293 886 1381 Xpi.
905 1310 1000 1378 1545,
1015 1293 1070 1362 die
1085 1316 1167 1361 vero
1183 1296 1248 1362 XV
1261 1291 1490 1382 mensisJulii‚

270 1409 488 1495 pontificatus
503 1409 658 1496 prelibati
673 1409 876 1478 sanctissimi
891 1408 1021 1477 domini
1036 1409 1142 1477 nostri
1158 1430 1267 1496 papae
1283 1431 1372 1477 anno
1388 1409 1492 1477 vnde·

274 1525 374 1592 eima.

449 1640 501 1728 [L.
521 1641 572 1730 S.]
910 1639 1069 1728 [Abscisa
1085 1639 1312 1731 subscriptio].

339 1757 535 1843 Inscriptio.
555 1757 712 1846 †Car.¹‘²⁰
728 1757 762 1823 in
779 1756 918 1824 Christo
934 1756 1029 1823 fratri
1045 1759 1148 1824 Petro
1172 1758 1199 1822 F
1201 1757 1283 1823 abro
1303 1755 1494 1843 presbitero

273 1871 453 1942 Societatis
465 1875 560 1962 Jesu.

637 2084 776 2154 PATRI
799 1965 951 2153 Peiieo
975 2088 1002 2152 F
1005 2087 1134 2155 ABRO

702 2203 790 2247 noun
812 2191 844 2246 16
862 2204 939 2258 Jurn
960 2203 1028 2260 1545
1049 2195 1069 2243 ¹.

271 2287 399 2344 Gratias
411 2291 439 2344 at
445 2287 625 2360 facultates,
639 2307 659 2344 a
675 2291 742 2344 sede
760 2289 925 2362 apostolica
939 2289 1112 2360 praeposita
1121 2291 1264 2362 generali
1277 2290 1434 2346 Societatis
1451 2289 1494 2345 be·

323 2378 416 2450 aigne
428 2395 587 2444 concessas,
601 2379 743 2452 [gnatius
755 2396 823 2434 cum
833 2378 933 2434 Fabro
945 2380 1159 2434 communicat:
1171 2395 1233 2434 non
1245 2383 1347 2434 tamen
1359 2379 1426 2434 vult
1439 2380 1494 2434 eis-

322 2468 389 2522 dem
400 2467 533 2522 Fabrum
546 2467 603 2532 uti,
617 2469 711 2523 inscio
722 2472 777 2523 aut
790 2468 908 2524 notante
921 2467 990 2533 toci,
1000 2468 1035 2522 ia
1047 2485 1105 2539 qua
1117 2468 1170 2537 itte
1179 2472 1326 2535 versatur,
1336 2469 1495 2540 spirituali

323 2559 447 2614 rectora.

868 2627 885 2682 †

836 2685 930 2754 lhus,

336 2796 489 2884 Ignatius
504 2799 547 2864 de
564 2797 692 2879 Loiola,
710 2799 926 2885 praepositus
941 2798 1122 2869 Societatis
1138 2802 1234 2887 Jesu,
1252 2798 1377 2867 dilecto
1393 2798 1493 2866 nobis

271 2910 305 2977 in
322 2914 410 2999 Xpo.
429 2914 503 2979 Ihu.
524 2917 627 2981 Petro
643 2916 765 2996 Fabro,
784 2916 984 3001 presbytero
1000 2914 1208 3001 gebenensis
1223 2914 1381 2996 diocesis,
1399 2914 1493 2981 socio

270 3026 422 3095 eiusdem
439 3028 634 3110 Societatis,
652 3031 796 3097 salutem
813 3029 848 3096 in
863 3030 1015 3097 Domino
1031 3030 1284 3117 sempiternam.

336 3144 435 3213 Licet
449 3143 684 3213 sanctissimus
699 3145 859 3212 dominus
874 3155 991 3213 noster
1006 3148 1072 3212 hoc
1087 3145 1188 3211 nobis
1204 3145 1396 3231 specialiter
1407 3167 1491 3212 con-

270 3260 422 3341 cesserit,
437 3270 476 3325 ut
493 3259 649 3328 omnibus
665 3259 875 3341 muneribus,
890 3259 990 3327 nobis
1005 3259 1161 3328 informa
1176 3260 1292 3327 breuis
1303 3260 1489 3345 concessis,

271 3375 439 3463 possimus
451 3377 607 3443 absoluta
619 3375 835 3457 auctoritate,
849 3375 952 3444 etiam
964 3397 1028 3444 nec
1040 3377 1198 3443 consulto
1209 3398 1272 3443 nec
1285 3376 1495 3444 assentiente

271 3491 336 3557 loci
351 3489 510 3578 episcopo
526 3503 586 3559 aut
601 3502 734 3560 rectore
750 3492 872 3579 quouis
892 3490 1072 3577 spirituali,
1092 3492 1201 3577 fungi3
1220 3513 1283 3558 nos
1299 3492 1493 3559 tamenDei

272 3605 381 3693 gratia
397 3606 573 3692 cupientes
591 3617 628 3673 ut
644 3609 784 3690 talent0,
801 3606 900 3675 nobis
917 3628 1075 3690 conceso,
1093 3606 1206 3673 sobrie
1226 3619 1261 3676 et
1284 3608 1327 3675 ad
1350 3606 1491 3674 Domini

270 3721 417 3803 laudem,
428 3722 528 3807 juxta
539 3722 742 3789 sanctissimi
754 3721 991 3804 intentionem,
1002 3732 1149 3805 vtamur;
1163 3735 1198 3790 et
1209 3707 1379 3803 verentes,
1393 3745 1437 3790 ne
1450 3744 1493 3789 ex

271 3858 391 3923 agresa
407 3838 503 3906 verbi
514 3838 579 3905 Dei
595 3848 629 3904 et
646 3859 821 3905 sacrorum
837 3837 1141 3919 administratione,
1156 3837 1230 3905 sine
1242 3836 1417 3904 inmediati
1433 3859 1493 3903 su-

270 3951 411 4037 perioris
426 3952 667 4022 beneuolentia
682 3963 716 4021 et
732 3946 907 4036 fflcultate,
926 3954 1124 4021 scandalum
1140 3952 1257 4040 populi
1281 3953 1493 4033 suboriatur,

270 4067 344 4136 eius
360 4068 574 4137 edificatione
589 4068 762 4155 impedita,
782 4070 941 4137 uolumus
957 4081 996 4135 ut
1012 4080 1061 4150 tu,
1081 4070 1237 4135 consulto
1250 4068 1344 4154 prius
1359 4069 1425 4135 loci
1437 4092 1495 4137 re-

272 4194 363 4250 ctore
375 4182 553 4269 spirituali,
568 4184 684 4269 illique
696 4183 859 4250 intimatis
871 4183 1103 4266 facultatibus,
1112 4186 1178 4250 hoc
1191 4183 1307 4266 facias,
1319 4195 1368 4268 ut,
1383 4184 1494 4252 licen-

271 4297 318 4367 tia
338 4299 444 4384 petita
464 4299 558 4385 prius
574 4311 608 4367 et
624 4302 776 4381 obtenta,
799 4299 908 4386 possis
929 4320 1007 4365 curn
1031 4298 1180 4366 omnium
1203 4321 1317 4368 amore
1336 4298 1492 4367 diuinum

217 4428 220 4433 ·
269 4436 395 4481 munus
410 4414 532 4501 exequi
548 4416 592 4482 ad
607 4415 681 4482 eius
696 4417 844 4483 laudem.
944 4484 954 4507 ‚

323 4573 331 4607 ¹
370 4575 413 4629 Ex
426 4573 528 4630 codice
544 4574 614 4630 Litt.
625 4579 754 4647 patant„
769 4592 799 4630 n.
813 4575 837 4641 I,
851 4575 975 4645 archen,
988 4576 1036 4631 cui
1048 4574 1163 4632 abscisa
1176 4583 1222 4631 est
1234 4574 1419 4648 subscriptio,
1435 4593 1496 4630 ma-

269 4670 321 4719 net
331 4671 429 4719 tamen
442 4662 731 4739 integrum-sigillum
746 4679 883 4733 magnum
896 4662 1052 4719 Societatis
1064 4664 1307 4736 Jesu.-cartas,
1320 4683 1350 4720 n.
1364 4664 1438 4719 LVI.
