3625 5400
689 475 873 531 Pnunxmo
891 487 1068 531 cuxanus
1251 532 1253 535 ,
1436 491 1454 547 7

263 627 538 714 supersedemus,
556 627 621 696 alia
637 627 761 714 Ignatii
776 626 917 714 scripta,
935 627 979 694 ad
994 637 1150 695 nostrum
1166 648 1309 715 scopum
1330 641 1488 716 spectan-

266 741 326 823 tia,
344 764 595 812 recenseamus,
615 743 665 810 Ea
680 754 778 810 sunt:

309 860 324 924 l
370 859 507 945 Corpus
521 857 753 945 epistolarum,
771 860 863 944 quod
878 858 1134 946 complectitur:

309 975 341 1061 a)
387 973 558 1060 Epistolas
573 973 691 1060 ipsine,
707 974 779 1042 sive
795 977 1027 1062 autographas
1041 974 1114 1042 sive
1129 977 1356 1062 apographas.

308 1093 342 1177 b)
389 1091 558 1176 Epistulas
572 1111 615 1158 ex
627 1089 864 1158 commissione
879 1090 971 1157 illius
982 1113 1002 1157 a
1015 1090 1165 1157 Polanco
1180 1089 1323 1175 aliisque
1338 1103 1489 1160 secreta-

265 1205 324 1274 riis
340 1217 510 1275 exaratas

309 1323 339 1408 c)
386 1321 566 1408 EpistolaS,
581 1343 693 1391 rerum
705 1321 845 1390 notitias
857 1321 1084 1404 continentes
1100 1323 1219 1402 Roma,
1229 1322 1375 1406 jubente
1386 1324 1488 1408 lgna-

265 1438 334 1522 tio,
345 1439 389 1503 ad
405 1437 655 1524 provinciarum
673 1437 785 1506 socios
801 1437 933 1505 missas.

309 1554 338 1619 ll
384 1553 629 1621 Instructiones
650 1554 885 1642 collegiorum,
914 1554 988 1622 sive
1015 1553 1261 1621 Instructiones
1287 1554 1331 1621 ab
1353 1552 1488 1638 Ignatio

265 1669 390 1739 missae
405 1672 449 1736 ad
464 1691 554 1737 nova
569 1670 715 1757 collegia
730 1670 952 1750 instituenda,
971 1669 1162 1758 dirigenda,
1180 1667 1405 1735 informanda.

310 1786 355 1852 lll
400 1785 569 1853 Exercitia
594 1785 780 1872 spiritualia
808 1785 872 1856 Sti.
902 1784 1037 1874 Ignatii.
1065 1786 1179 1870 Hujus
1203 1784 1316 1870 operis
1340 1793 1487 1851 exstant:

265 1901 297 1988 a)
316 1901 481 1987 originale
496 1902 688 1988 exemplum
704 1901 932 1986 hispanicum;
950 1901 984 1986 b)
1000 1900 1193 1969 adversaria
1213 1899 1338 1967 latinae
1358 1898 1488 1967 versio-

266 2016 320 2083 nis
335 2015 500 2097 litteralis‚
518 2017 554 2083 in
570 2018 694 2104 quibus
710 2019 806 2085 adest
821 2015 946 2104 Ignatii
962 2017 1156 2086 emendatio
1171 2028 1206 2083 et
1222 2017 1341 2082 notula
1356 2016 1391 2080 in
1415 2015 1489 2101 ipso

264 2131 447 2200 voluminis
463 2145 675 2220 tegumento;
694 2133 723 2220 c)
739 2135 899 2202 volumen
915 2133 1071 2212 latinum,
1089 2132 1320 2218 complectens
1344 2130 1488 2197 transla-

266 2247 392 2314 tionem
418 2247 599 2316 litteralem
626 2247 734 2317 nitide
760 2248 982 2334 exscriptam,
1013 2269 1052 2314 ac
1078 2246 1270 2314 versionem
1298 2245 1486 2332 vulgatam,

266 2374 446 2448 utramque
462 2385 482 2430 a
497 2365 571 2432 Sto.
590 2363 725 2452 lgnatio
741 2363 882 2432 seorsim
897 2364 1131 2450 approbatam.

310 2479 357 2544 lV
402 2479 559 2561 Lumina,
577 2479 702 2565 quibus
717 2478 884 2566 IgnatiuS,
901 2481 984 2546 dum
999 2477 1270 2545 Constitutiones
1289 2477 1327 2547 S.
1346 2481 1379 2566 J.
1403 2498 1487 2543 con-

265 2593 380 2676 debat,
398 2594 562 2662 divinitus
578 2595 822 2662 illustrabatur.
1515 2569 1520 2578 ⁹

312 2713 343 2777 V
388 2714 603 2780 Documenta
618 2710 711 2779 varia
727 2713 771 2777 ab
792 2712 865 2799 ipso
886 2710 1021 2798 lgnatio
1033 2711 1088 2779 vel
1112 2731 1154 2780 eo
1174 2710 1326 2777 dictante
1346 2707 1485 2795 scripta,

266 2836 301 2892 et
317 2828 360 2893 ad
375 2826 530 2895 diversos
545 2826 659 2895 missa.

1525 1155 1543 1216 t

266 3024 461 3087 2.-l-lUJUS
480 3026 665 3075 EDITIONIS
681 3026 920 3075 uncusstxns:
943 3026 1041 3087 QUAE
1061 3026 1177 3074 OPERA
1199 3024 1487 3073 COMPLECTATUR
1550 2995 1558 3016 ⁸

333 3177 440 3242 Porro
455 3197 475 3241 e
490 3186 541 3242 tot
556 3176 758 3263 scriptorum
775 3198 918 3245 numero
930 3175 970 3263 (si
985 3175 1268 3255 Constitutiones,
1286 3175 1439 3241 Examen
1455 3184 1488 3241 et

266 3290 434 3358 Exercitia
448 3291 636 3377 spiritualia
651 3292 800 3379 excipias
817 3292 853 3379 ³),
871 3314 951 3379 pars
966 3291 1104 3359 minima
1124 3293 1254 3378 prelum
1270 3288 1391 3357 subiit:
1410 3288 1488 3355 reli·

264 3426 333 3488 qua
348 3407 467 3488 moles,
485 3406 588 3493 longe
604 3407 741 3492 quidem
757 3408 875 3493 major,
889 3406 999 3492 jacuit
1014 3409 1192 3493 hucusque
1212 3405 1248 3471 in
1270 3402 1487 3471 archivorum

265 3532 300 3589 et
315 3520 597 3589 bibliothecarum
613 3523 765 3608 pulvere.
778 3538 781 3543 '

331 3638 384 3703 Ac
399 3658 442 3704 ne
465 3636 542 3723 quis
557 3638 647 3704 forte
663 3616 803 3705 miretur
819 3638 854 3704 id
869 3661 889 3705 a
905 3638 1006 3705 nobis
1026 3637 1105 3717 dici,
1127 3634 1412 3705 considerandum
1435 3645 1487 3702 est

266 3752 425 3837 reliquoS,
443 3752 502 3837 qui
517 3752 682 3839 ignatiani
698 3752 828 3840 ingenii
848 3764 1073 3822 monumenta
1094 3752 1383 3833 ederehactenus
1406 3760 1487 3817 sunt

265 3868 433 3954 aggressi,
455 3890 515 3941 eos
530 3890 600 3936 non
617 3869 778 3939 habuisse
798 3879 858 3936 aut
878 3869 957 3936 talia
978 3868 1143 3955 praesidia
1166 3878 1205 3933 ut
1223 3866 1410 3954 potuerint,
1428 3876 1489 3931 aut

265 3982 415 4050 animum
437 3994 475 4050 ut
496 3984 668 4053 voluerint
687 3985 822 4071 integra
845 3983 969 4072 Ignatii
990 3985 1115 4072 scripta
1134 3984 1169 4049 in
1190 3984 1301 4050 lucem
1323 3980 1486 4069 proferre

190 4112 194 4121 '
264 4108 368 4183 atque
390 4098 438 4166 ita
464 4100 627 4186 proferre,
655 4111 695 4167 ut
722 4100 922 4169 hodiernam
949 4102 1158 4171 edendorum
1187 4107 1488 4165 monumentorum

265 4236 419 4282 normam
435 4228 673 4301 sequerentur.
690 4216 799 4305 Igitur
815 4217 889 4285 aliis
903 4206 1067 4304 potestas,
1085 4216 1159 4283 aliis
1182 4217 1344 4284 voluntas
1363 4212 1484 4283 deluit.

265 4332 426 4399 Nondum
454 4342 549 4399 tanta
570 4332 694 4419 cupido
717 4332 847 4401 animos
870 4333 1041 4399 invaserat
1063 4330 1244 4399 eruendis
1269 4328 1418 4398 tenebris
1444 4328 1487 4393 ad

263 4449 511 4517 contexendam
539 4447 754 4517 historiarum
781 4448 1007 4539 narrationem
1039 4448 1130 4515 avita
1156 4455 1397 4527 monumenta,
1428 4454 1489 4509 ant

318 4610 330 4642 ³
366 4608 429 4664 Nec
441 4608 548 4681 omnia,
562 4626 636 4683 quae
650 4608 687 4665 ad
699 4607 846 4665 Exercitia
860 4617 1004 4682 spectant,
1019 4610 1140 4680 vulgata
1152 4616 1232 4676 sunt,
1247 4614 1280 4662 ut
1292 4622 1346 4662 auo
1364 4606 1429 4661 loco
1447 4604 1488 4659 in·

263 4695 440 4753 dicabimus.
