3625 5400
430 490 484 561 098
808 490 1016 545 Monunsnrs
1034 480 1213 545 lous'snun

399 642 515 709 tiende
530 644 656 709 mucho
676 643 719 709 N.
745 645 800 723 P.,
824 663 888 709 eon
911 643 991 708 todo
1011 644 1077 711 ello
1096 649 1117 708 t
1136 645 1172 712 S.
1202 646 1241 710 P.
1265 664 1387 731 parece
1407 666 1486 729 que,
1504 650 1526 711 ό
1545 656 1631 711 esta

398 778 479 823 cosa
494 759 537 823 de
553 758 585 823 la
600 756 817 825 vniversidad
837 780 874 826 se
894 760 995 826 havia
1015 759 1059 826 de
1079 760 1240 838 dexar,·o
1259 762 1401 826 tomarla
1416 765 1483 825 assi
1501 761 1543 827 de
1560 780 1631 825 ve-

397 895 452 939 ras
468 874 492 955 ¹3
511 894 534 959 y
550 879 623 941 esti
639 884 773 959 puesto,
791 872 962 939 aiudando
979 872 1063 939 Dios
1079 876 1122 941 N.
1141 875 1194 955 S,
1218 894 1309 960 cuyo
1326 873 1470 941 servicio
1490 876 1629 960 grande

399 1008 437 1056 se
452 1008 583 1074 espera,
601 1008 644 1054 en
672 988 802 1073 ayudar
829 989 872 1054 de
898 1010 941 1055 su
956 998 1052 1074 parte
1067 1010 1149 1074 para
1165 1010 1232 1073 que
1252 1001 1325 1057 esta
1349 992 1433 1055 obra
1452 990 1506 1055 del
1523 999 1634 1057 senor

400 1106 516 1189 duque
531 1103 608 1170 vaia
623 1104 779 1171 adelante
793 1114 923 1188 quanto
944 1104 1092 1190 possible
1111 1106 1144 1173 le
1163 1126 1234 1186 sea,
1256 1106 1429 1173 descendo
1449 1126 1515 1189 que
1531 1128 1578 1173 en
1596 1107 1630 1173 el

400 1219 486 1289 cielo
502 1242 524 1304 y
540 1240 582 1286 en
595 1222 627 1287 la
645 1218 746 1287 tierra
762 1221 931 1305 quedasse
946 1220 1093 1305 siempre
1104 1220 1266 1289 memoria
1278 1244 1301 1306 y
1314 1222 1490 1287 fructuoso
1500 1222 1633 1287 effecto

399 1335 497 1403 desta
513 1334 714 1415 fundacion,
743 1356 810 1420 que
838 1355 903 1401 con
931 1336 1004 1403 zelo
1032 1346 1090 1400 tan
1113 1348 1214 1402 santo
1235 1338 1281 1403 ha
1301 1337 1443 1421 querido
1463 1340 1566 1402 hazer
1582 1358 1631 1419 ay

400 1452 438 1519 S.
459 1452 535 1521 sna
551 1452 576 1518 ⁸.

466 1563 586 1655 [Roma
602 1572 621 1633 tr
638 1584 680 1653 23
692 1566 736 1635 de
753 1567 864 1633 Enero
876 1566 920 1632 de
937 1567 1033 1656 1548]
1050 1578 1075 1633 ².

1112 1685 1130 1736 Ο

519 1851 673 1917 PATER
692 1852 906 1939 JOANNES
929 1730 1241 1918 Dg4gOLANCO
1266 1853 1328 1919 EX
1350 1852 1501 1919 COMM.

729 1983 848 2037 PATRI
867 1983 1059 2038 ANDREAE
1077 1984 1131 2039 DE
1149 1982 1301 2042 OVlEDO

797 2113 885 2155 noun
905 2114 940 2170 24
957 2114 1102 2167 janusan
1123 2099 1192 2170 1548
1212 2105 1231 2156 ¹.
1320 2071 1324 2078 .

401 2214 479 2271 Cum
488 2217 607 2290 Borgia
620 2218 654 2273 in
666 2218 805 2271 animum
819 2216 986 2272 induxisset
998 2220 1032 2270 ut
1042 2217 1179 2287 neophyti
1191 2216 1317 2287 aliquot,
1327 2216 1389 2273 sive
1397 2216 1463 2290 filii
1474 2233 1630 2289 agareno-

452 2323 534 2371 rum,
557 2306 598 2361 od
621 2304 736 2361 Christi
751 2305 847 2379 fidem
869 2322 1096 2370 conversorum,
1114 2306 1148 2360 in
1165 2306 1290 2379 collegio
1304 2306 1470 2378 gondiensi
1487 2305 1627 2360 viverent

452 2396 619 2467 optimeque
636 2396 881 2463 instituerentur;
898 2395 1051 2451 Poloncus
1068 2396 1186 2467 ignatii
1201 2396 1322 2450 nomine
1341 2396 1475 2450 rationes
1490 2394 1624 2464 exponit,

453 2482 560 2553 quibus
568 2482 656 2553 pium
670 2483 805 2555 Bergine
817 2482 977 2537 consitium
985 2482 1094 2554 persici
1101 2484 1206 2554 possit.

468 2608 607 2693 Quanto
634 2609 666 2674 al
693 2608 858 2677 entender
879 2608 1076 2675 elni'rmero
1096 2608 1138 2674 de
1158 2608 1210 2673 los
1229 2607 1376 2673 nedfitos
1395 2607 1421 2686 ²,
1444 2607 1489 2675 N.
1512 2606 1553 2672 P.
1577 2608 1625 2671 ha

452 2791 466 2818 ε
486 2777 572 2845 Quae
600 2777 718 2832 uncinis
739 2775 928 2831 clauduntur
948 2780 977 2832 et
997 2777 1226 2847 inscriptionem
1246 2775 1399 2846 epistolae,
1418 2793 1454 2830 ex
1474 2773 1531 2839 tris,
1549 2791 1627 2845 quae

398 2865 432 2918 in
447 2883 501 2919 ms.
514 2865 687 2920 immediate
699 2865 841 2936 epistolae
850 2860 1047 2937 praecedrint,
1061 2865 1294 2937 desumpsimus.
1311 2865 1365 2919 Ait
1382 2865 1476 2918 enim:
1490 2863 1549 2917 «Lo
1568 2879 1626 2935 que

400 2961 514 3025 onesta
527 2961 610 3025 parte
619 2955 698 3008 huvo
712 2971 745 3008 se
758 2953 920 3008 entendera
942 2953 1034 3024 mejor
1055 2970 1108 3034 pqr
1127 2969 1200 3008 vnas
1222 2961 1318 3008 cartas
1338 2969 1397 3025 que
1415 2953 1557 3006 hallamos
1574 2949 1623 3005 del

400 3041 433 3096 P.
445 3043 529 3102 Mtro.
545 3041 681 3110 Polauco,
695 3041 853 3098 secretario
866 3042 903 3096 de
919 3042 954 3095 N.
971 3041 1004 3100 B.
1019 3043 1064 3110 P.,
1078 3041 1199 3096 escritas
1210 3059 1263 3113 por
1275 3058 1311 3096 su
1323 3039 1491 3096 comission.
1509 3041 1554 3094 En
1567 3055 1626 3094 vna

400 3131 505 3203 dedas,
518 3147 576 3204 que
598 3131 680 3187 esde
698 3132 790 3186 Roma
807 3133 824 3187 i
846 3130 880 3185 23
899 3130 937 3186 de
959 3132 1055 3185 Enero
1068 3130 1105 3185 de
1129 3131 1206 3201 1548,
1232 3131 1339 3186 escrita
1351 3131 1379 3184 el
1402 3131 1435 3184 P.
1457 3127 1575 3184 Andres
1587 3128 1626 3183 de

404 3217 521 3278 Oviedo
533 3227 629 3275 rector
641 3218 679 3274 de
692 3221 776 3292 aquei
790 3220 927 3290 collegio,
941 3219 1007 3274 dice
1018 3200 1092 3274 isi.»

454 3376 464 3406 ²
502 3371 660 3442 «Borgia...
674 3371 799 3428 sollicite
812 3370 938 3442 Collegii
955 3369 1001 3426 sui
1013 3378 1101 3442 atque
1118 3369 1329 3427 Universitatis
1342 3368 1559 3441 expeditionem
1576 3387 1626 3425 cu·

400 3463 494 3530 rabat,
504 3477 579 3531 quae
590 3460 693 3515 eodem
706 3479 781 3516 anno
792 3461 914 3526 Romae,
927 3459 960 3514 P.
971 3459 1087 3530 Ignatio
1099 3458 1267 3530 adjuvante,
1281 3461 1404 3514 obtenta
1416 3468 1491 3513 est.»
1502 3459 1624 3514 Potan-

400 3562 471 3617 οὓς,
487 3548 608 3614 chron„
623 3551 646 3621 Ι,
659 3565 723 3620 249.
737 3549 877 3605 Videatur
890 3549 989 3605 Pausi
1008 3550 1051 3602 llI
1068 3550 1147 3604 bulla
1162 3547 1306 3620 Copiosus
1318 3549 1352 3603 in
1374 3548 1594 3615 misericordia,
1609 3563 1627 3617 4

400 3637 477 3693 Nov.
495 3651 570 3707 1547,
585 3657 642 3711 qua
655 3639 744 3694 studii
753 3639 899 3710 generalis
909 3639 1087 3693 erectionem
1097 3627 1230 3709 pontifex
1240 3637 1386 3693 coneedit.
1398 3637 1539 3708 Synepsis
1546 3641 1626 3691 octo

401 3745 472 3782 rum
487 3726 517 3782 S.
533 3727 618 3783 Sedis
630 3729 663 3783 in
675 3746 767 3783 causa
778 3728 935 3784 societatis
947 3727 1025 3792 Iesu,
1039 3743 1106 3798 pag.
1123 3725 1151 3782 6.
1170 3727 1251 3807 Illam
1268 3743 1354 3797 porro
1373 3726 1517 3796 integram
1538 3723 1627 3780 affert

401 3816 492 3871 latine
505 3816 621 3890 quidem
643 3817 800 3889 PERALES,
822 3817 961 3872 Ddcadas
982 3819 1018 3871 de
1035 3816 1068 3870 lo
1088 3815 1230 3870 Historia
1252 3816 1321 3871 de...
1351 3815 1504 3880 Valentia,
1527 3823 1549 3869 t.
1572 3815 1625 3883 111,

401 3921 469 3977 pag.
483 3905 546 3975 641.
562 3907 699 3962 Attamen
713 3923 770 3962 non
783 3907 891 3974 statim,
907 3905 960 3961 sed
972 3919 983 3960 1
999 3905 1096 3961 Martii
1111 3919 1190 3975 1549,
1205 3904 1329 3961 solemni
1341 3905 1400 3959 ritu
1417 3905 1566 3976 publicata
1580 3912 1627 3959 est

343 4021 345 4026 v
401 3993 560 4064 academia,
575 3995 639 4051 sive
652 3995 728 4050 iacta
741 3994 903 4051 studiorum
921 3995 1039 4067 publica
1055 3993 1228 4066 auspicatio,
1247 3993 1343 4065 Epist.
1362 3993 1488 4058 Mixtae,
1508 3993 1626 4062 11,102;

402 4081 621 4153 ORLANDlNUS,
632 4085 682 4156 IX,
692 4096 737 4154 75.
752 4085 786 4139 ln
795 4084 952 4155 collegium
963 4101 1044 4151 vero,
1054 4101 1158 4139 recens
1168 4081 1365 4151 aedificatum,
1376 4082 1469 4137 nostri
1482 4081 1626 4151 migrave-

402 4181 467 4228 rant
479 4190 556 4228 anno
571 4173 638 4244 1548
652 4174 699 4229 <rin
713 4173 814 4244 vigilia
829 4172 1019 4228 Ascensionis
1033 4171 1150 4228 Domini
1165 4173 1193 4245 [9
1206 4172 1319 4244 Majil...
1340 4182 1371 4228 et
1388 4172 1453 4244 ipso
1471 4170 1626 4226 Ascensio

403 4261 449 4317 nis
462 4261 520 4332 die,
534 4261 564 4317 in
589 4277 664 4317 novo
685 4265 795 4334 templo
817 4263 925 4318 Missae
942 4262 1149 4318 sacrificium...
1168 4264 1355 4318 celebrarunt
1376 4277 1428 4334 pro
1441 4259 1625 4316 fundatore».

404 4351 584 4419 Poenicus
600 4349 724 4416 Ceron,
741 4353 763 4423 1,
779 4351 841 4406 311.
1326 4336 1338 4362 ⁸

456 4442 467 4473 ³
504 4440 564 4495 Piis
574 4441 697 4512 Borgiae
709 4451 798 4513 etque
810 4441 917 4512 Ignatii
930 4441 1038 4513 optatis
1047 4453 1110 4496 non
1125 4440 1277 4512 respondit
1292 4449 1430 4510 eventus,
1441 4447 1474 4494 ut
1486 4455 1524 4494 ex
1537 4438 1625 4494 histo·

403 4529 446 4583 ria
460 4537 551 4600 patet.

459 4623 468 4652 ²
504 4619 548 4672 Ex
561 4617 663 4674 codice
673 4619 754 4674 Hist.
762 4625 850 4691 prov.
862 4623 972 4692 Arag.,
984 4620 1035 4675 lib.
1047 4619 1087 4691 ΙΙ,
1097 4637 1161 4691 cap.
1175 4617 1382 4688 40.-Cartas,
1393 4635 1422 4672 n.
1434 4614 1624 4674 CXXXVIII.

457 4711 468 4741 ²
506 4708 613 4780 Agitur
631 4708 668 4762 de
685 4725 806 4764 numero
824 4711 1047 4782 neophytorum,
1060 4708 1110 4781 qui
1128 4707 1167 4764 ali
1185 4716 1215 4763 et
1233 4707 1348 4764 institui
1366 4707 1396 4763 in
1413 4705 1539 4777 collegio
1556 4721 1628 4777 gan·
