3625 5400
447 453 503 533 626
815 454 1030 531 ,Mororum
1049 453 1227 511 1111111111

408 617 444 673 et
459 605 535 672 istic
551 603 678 673 erimus
692 604 887 691 aliquando,
906 605 1014 692 gratis
1027 627 1162 692 semper
1176 605 1299 672 animis
1317 606 1361 673 de
1382 603 1557 692 dignitate
1582 617 1656 671 tua

409 720 648 807 cogitabimus
672 731 706 789 et
733 719 781 786 illi
808 720 900 805 quod
925 720 960 787 in
984 719 1085 787 nobis
1109 720 1185 801 erit,
1208 742 1250 789 ea
1270 742 1358 806 quae
1384 741 1476 801 vera,
1500 742 1650 787 summa

294 839 303 858 ⁰
408 830 617 921 aeternaque⁴
630 837 719 903 bona
735 847 827 919 sunt,
846 858 865 902 a
881 838 956 903 Deo
971 834 1100 924 optimo
1115 836 1261 937 maximo
1276 835 1503 923 precabimur.

476 954 663 1037 Postquam
679 962 793 1018 autem
810 949 999 1019 incolumes
1014 952 1082 1018 huc
1098 952 1186 1019 duce
1202 950 1341 1019 Christo
1361 973 1486 1019 venere
1501 950 1646 1017 charis·

397 1065 483 1134 'simi
500 1068 633 1145 fratres,
653 1066 822 1153 ijdemque
837 1063 995 1152 discipuli
1015 1065 1078 1147 tui,
1103 1069 1153 1135 M.
1176 1066 1356 1134 Cornelius
1375 1065 1651 1135 Uvisschaueus

406 1193 442 1249 et
457 1184 505 1249 M.
524 1172 697 1249 Antonius
714 1183 904 1248 Bouterson
922 1182 947 1261 ⁸,
961 1192 1160 1267 conceptam
1171 1180 1271 1248 nobis
1286 1180 1353 1248 iam
1365 1179 1425 1247 diu
1435 1180 1646 1267 opinionem

405 1299 450 1366 de
465 1296 677 1365 humanitate
693 1307 728 1365 et
742 1296 996 1378 beneuolentia,
1014 1317 1097 1384 erga
1117 1318 1181 1364 nos
1200 1306 1314 1365 vestra
1334 1297 1550 1365 adauxerunt
1569 1317 1644 1381 qua

406 1416 514 1481 fretus
530 1422 646 1480 noster
660 1412 696 1479 in
717 1412 856 1480 Christo
872 1414 983 1502 Jhesu
1003 1425 1099 1499 pater
1119 1425 1155 1481 et
1170 1410 1383 1499 praepositus
1397 1414 1440 1480 D.
1461 1412 1639 1498 Ignatius,

406 1540 486 1596 tuae
502 1529 535 1595 d.
555 1526 590 1593 in
605 1526 742 1595 domino
758 1527 824 1594 iam
839 1526 971 1615 pridem
991 1527 1253 1609 addictissimus
1276 1550 1338 1595 sua
1358 1528 1526 1613 quaedam
1547 1548 1641 1593 con—

405 1642 480 1711 silia
496 1664 556 1730 per
571 1665 665 1711 meas
686 1646 789 1710 hasce
811 1643 928 1713 literas
943 1644 1149 1711 conferenda
1165 1642 1309 1712 censuit.
1328 1644 1416 1711 Nam
1436 1663 1517 1708 cum
1533 1642 1566 1709 is
1584 1644 1639 1709 os·

353 1796 355 1806 ι
405 1760 483 1826 ficio
499 1781 562 1826 suo
578 1760 782 1845 respondere
799 1762 912 1847 (prout
925 1782 987 1846 par
998 1761 1061 1845 est)
1074 1762 1297 1829 vehementer
1308 1768 1455 1845 satagat,
1468 1756 1639 1825 nimirum

404 1886 443 1941 vt
458 1876 501 1942 ad
514 1895 680 1942 summam
696 1873 819 1941 summi
835 1874 900 1942 Dei
916 1874 1059 1962 gloriam
1075 1876 1210 1962 singula
1221 1874 1394 1942 societatis
1405 1872 1508 1939 huius
1521 1895 1639 1941 mem-

404 1992 477 2071 bra,
496 1990 609 2075 quoad
624 1987 698 2057 fieri
714 1988 833 2076 possit,
851 2000 1118 2077 promoueantur
1132 1988 1159 2071 ¹³,
1173 1992 1238 2057 hoc
1251 1989 1350 2058 enixe
1360 1987 1425 2055 sibi
1437 1990 1645 2055 curandum·

404 2104 591 2192 proposuit,
609 2115 647 2170 vt
663 2116 831 2190 quotquot
843 2104 983 2172 Christo
998 2105 1185 2192 inspirante
1197 2105 1278 2172 huic
1290 2114 1408 2171 nostro
1420 2103 1582 2171 instituto
1595 2126 1646 2172 se·

403 2221 546 2301 dedunt,
567 2240 607 2287 ac
634 2230 771 2307 propter
798 2220 973 2288 Christum
1001 2221 1168 2308 regendos
1194 2219 1258 2308 ipsi
1281 2242 1319 2288 se
1346 2229 1438 2286 totos
1464 2220 1637 2302 offerunt,

403 2354 523 2404 eorum
539 2333 689 2421 ingenia,
707 2356 829 2419 mores,
844 2334 1125 2421 conditionesque
1139 2346 1352 2422 praenoscat,
1374 2334 1411 2400 id
1425 2355 1507 2403 vero
1522 2334 1644 2417 datis„

403 2449 624 2536 acceptisque
640 2462 761 2517 mutuo
776 2450 883 2519 literis
898 2450 979 2518 solis
993 2450 1113 2537 perfici
1128 2450 1266 2518 minime
1277 2471 1379 2537 posse
1393 2448 1635 2535 experimento

333 2560 337 2569 ’
404 2563 532 2631 didicit:
552 2563 748 2651 praesertim
764 2565 793 2632 si
808 2545 946 2654 longius
962 2566 1074 2634 absint
1093 2566 1141 2647 hi,
1164 2586 1250 2651 quos
1270 2565 1363 2633 omni
1383 2589 1426 2635 ex
1444 2576 1542 2652 parte
1565 2586 1632 2632 co-

319 2733 325 2746 .
403 2678 536 2765 gnosci,
554 2690 589 2747 et
606 2682 648 2748 ad
665 2679 906 2767 professionem
924 2684 1013 2749 hanc
1028 2679 1166 2750 minime
1177 2680 1213 2747 in
1229 2668 1395 2748 utramuis
1406 2691 1536 2768 partem
1551 2682 1633 2748 vul-

403 2815 521 2881 garem
538 2793 671 2862 institui
682 2795 789 2862 solide
805 2797 977 2884 congruit.
997 2799 1076 2883 Qua
1095 2796 1232 2883 quidem
1253 2796 1384 2866 ratione
1402 2795 1532 2864 domini
1552 2796 1634 2862 cilli

457 3039 472 3081 b
508 3039 755 3110 promouehantur
768 3045 875 3114 apogr.
914 3054 963 3084 -c
981 3039 1099 3096 domino
1111 3045 1219 3114 apogr.

400 3259 531 3314 operam,
544 3241 581 3316 de
591 3242 730 3314 juvandis
744 3261 796 3316 per
808 3244 958 3301 Exercitia
970 3244 1132 3317 spiritualia
1145 3253 1176 3302 et
1193 3262 1244 3316 per
1261 3243 1515 3301 conversationem
1528 3245 1625 3318 proxi·

400 3330 457 3387 mis
473 3332 615 3401 cogitare;
630 3341 661 3388 et
679 3341 712 3387 ut
728 3331 841 3390 facilior
859 3343 941 3389 esset
956 3351 1024 3390 cum
1042 3334 1108 3390 aliis
1120 3333 1287 3405 hujusmodi
1299 3334 1535 3406 communicatio,
1551 3335 1625 3392 Uni·

401 3420 551 3476 versitatis
573 3420 798 3490 Cancellarium,
822 3421 917 3477 virum
937 3422 1146 3493 gravissimum
1168 3431 1199 3478 et
1219 3422 1434 3491 doctissimum,
1451 3440 1506 3478 nec
1527 3423 1629 3480 minus

399 3509 490 3581 pium,
510 3508 659 3564 Ruardum
672 3511 769 3565 Taber
783 3511 845 3584 [sia
856 3516 916 3584 pro
928 3511 1056 3585 Tapper]
1068 3527 1227 3583 aggressus
1245 3520 1300 3569 est.
1315 3512 1388 3584 Qui,
1400 3529 1468 3567 cum
1488 3512 1624 3568 stradam

399 3597 573 3670 audivisset,
593 3597 669 3653 inter
686 3597 855 3672 frequentes
874 3599 1080 3673 occupationes
1097 3618 1176 3673 suas,
1191 3611 1252 3657 tres
1270 3603 1356 3657 horas
1373 3601 1498 3673 singulis
1514 3602 1622 3658 diebus

398 3685 505 3758 eidem,
517 3695 550 3741 ut
564 3705 620 3741 una
633 3687 752 3759 quidem
763 3688 965 3758 instrueretur,
980 3689 1094 3745 duabus
1103 3689 1168 3745 aliis
1181 3707 1248 3745 sese
1261 3699 1424 3761 exerceret,
1436 3690 1579 3763 promisit3
1593 3701 1626 3746 et

398 3773 428 3830 id
440 3783 523 3831 tanto
535 3791 601 3830 cum
614 3776 712 3832 fructu
725 3777 872 3849 praestitit
885 3787 918 3834 ut
930 3779 1166 3851 expectationem
1175 3787 1207 3834 et
1219 3785 1320 3834 votum
1330 3778 1453 3834 Stradae
1466 3797 1630 3852 superare·

396 3863 464 3919 rit.»
485 3862 532 3918 Ad
549 3865 626 3920 lrunc
646 3881 717 3920 vero
730 3882 837 3922 annum
850 3867 928 3939 quod
952 3867 1070 3941 attinet,
1084 3877 1172 3941 atque
1195 3867 1233 3923 ad
1256 3869 1331 3924 hauc
1352 3869 1446 3940 ipsam
1469 3869 1621 3941 epistolam

396 3950 508 4006 faciunt
529 3969 604 4025 quae
628 3952 706 4008 idem
728 3963 827 4010 auctor
841 3971 923 4027 pags.
938 3969 991 4027 294
1008 3965 1040 4012 et
1058 3969 1110 4028 295
1128 3957 1241 4012 scribit:
1256 3957 1383 4013 «Cum...
1402 3957 1436 4012 P.
1451 3958 1618 4029 ignatius...

395 4039 544 4112 aliquos...
559 4041 681 4096 Romam
700 4059 766 4098 esse
785 4045 933 4100 vocandos
949 4044 1167 4101 existimaret...
1180 4045 1368 4102 scribendam
1385 4063 1444 4102 non
1462 4049 1557 4103 solum
1569 4065 1621 4103 no·

395 4128 476 4200 stris,
489 4129 542 4183 sed
561 4130 650 4185 etiam
664 4130 847 4188 Cancellario
860 4133 1074 4191 Universitatis
1091 4136 1216 4206 curavit,
1229 4153 1267 4190 ue
1280 4152 1369 4206 aegre
1385 4134 1477 4190 ferret
1489 4136 1554 4208 ipse
1570 4154 1620 4192 no

393 4226 521 4273 strornm
540 4218 712 4292 discessum,
728 4230 759 4274 et
778 4229 810 4276 ut
827 4239 880 4278 sua
893 4224 1078 4295 auctoritate,
1092 4242 1128 4279 ne
1141 4225 1191 4280 alii
1205 4241 1293 4296 aegre
1307 4223 1379 4280 illud
1392 4224 1511 4298 ferrent,
1525 4227 1620 4281 edice-

394 4314 450 4361 ret.
465 4307 665 4363 Cancellarius
679 4318 790 4382 autem,
803 4314 958 4383 praelectis
971 4313 1090 4386 litteris,
1103 4313 1206 4369 sedulo
1218 4324 1334 4370 nostros
1352 4314 1389 4369 ad
1405 4314 1616 4384 obediendum,

394 4393 516 4464 perinde
529 4404 617 4468 atque
636 4397 662 4462 si
676 4399 844 4456 mandatum
857 4419 894 4455 ex
908 4420 959 4459 ore
972 4403 1029 4458 Dei
1041 4401 1248 4475 suscepissent,
1265 4413 1312 4459 est
1323 4403 1627 4460 adhortatus.»—Sed.

391 4481 430 4536 de
445 4490 526 4538 tanto
541 4484 604 4539 viro
616 4502 706 4557 saepe
720 4487 828 4545 redibit
841 4507 947 4548 sermo.

424 4584 425 4590 ’
446 4571 457 4603 ⁸
494 4571 648 4628 Cornelius
664 4575 847 4635 Vishavaeus
865 4588 895 4634 et
913 4581 1059 4637 Antonius
1073 4581 1225 4638 Vinckius.
1241 4582 1298 4638 Hic
1315 4589 1480 4654 postremus
1501 4591 1565 4638 erat
1582 4598 1626 4637 et

386 4657 498 4730 oppido
512 4661 699 4720 Bautersem.
717 4665 792 4722 Vide
807 4668 947 4740 epistolas
963 4683 1013 4742 199
1026 4678 1057 4726 et
1069 4684 1134 4729 222.
