3625 5400
555 447 659 503 Errsr.
682 458 815 517 254.-1r
838 446 1103 516 Faeuuanu1548
1356 460 1406 517 7¹1

90 608 97 615 '
210 619 332 667 omnes
347 601 423 665 Deo
440 597 508 664 tuis
523 576 737 667 orationibus
752 620 815 686 pro
835 609 895 665 tua
916 598 1085 666 charitate
1105 601 1363 669 commendatos
1384 604 1447 667 ha-

211 714 322 783 babis,

279 830 400 899 Valete
416 829 451 895 in
468 829 701 919 dominoJesu
718 833 796 911 X.⁰,
815 830 915 897 cuius
936 830 1159 917 deprecamur
1179 831 1442 918 benignitatem,

210 958 248 1011 vt
269 945 303 1011 in
327 944 451 1013 vestris
473 944 666 1031 nostrisque
687 946 848 1013 cordibus
868 956 903 1013 et
925 946 1041 1014 viuere
1063 967 1124 1031 per
1148 945 1382 1033 cognitionem
1407 967 1447 1013 ac

209 1082 359 1128 amorem
375 1061 442 1145 sui,
460 1073 500 1143 et⁸
510 1061 545 1127 in
561 1061 635 1128 dies
650 1082 806 1129 crescere
823 1084 882 1148 per
903 1059 1091 1147 gratiarum
1109 1039 1354 1147 donorumque
1375 1061 1447 1149 spi-

211 1176 385 1243 ritualium
403 1175 610 1243 charismata
624 1175 800 1263 dignetur.
820 1178 945 1243 Amen.

278 1295 386 1360 Rome
402 1310 421 1374 7
440 1291 616 1359 Februarii
639 1293 735 1377 1548.

234 1452 239 1467 ·
276 1410 407 1476 Seruus
435 1408 470 1473 in
497 1407 636 1473 domino
657 1410 742 1496 Jesu
767 1409 832 1475 X.⁰
862 1409 916 1475 De
936 1406 1098 1472 mandato
1126 1408 1160 1472 d.
1188 1407 1311 1494 Ignatii
1334 1407 1448 1475 Patris

212 1524 333 1605 nostri,

752 1638 960 1726 wormes
985 1659 1032 1705 mr
1056 1639 1241 1706 Poznuco.
1268 1638 1290 1725 †

278 1757 330 1821 De
351 1754 502 1820 discesso
522 1764 637 1821 vestro
658 1753 852 1847 Louanium
873 1752 1096 1840 cogitandum
1113 1753 1149 1819 in
1170 1752 1342 1839 presentia
1367 1754 1445 1838 qui-

209 1872 286 1938 dem
305 1869 469 1950 nouerit,
487 1870 561 1951 scd,
580 1881 618 1934 vt
633 1869 736 1936 isthic
752 1880 766 1908 ⁸
782 1868 1004 1953 conquiescat
1019 1868 1166 1948 animus,
1184 1880 1314 1937 curate.
1341 1871 1444 1937 Pater

208 1997 325 2055 noster
355 1984 509 2071 lgnatius
540 1984 680 2051 omnino
716 1984 847 2069 aliquos
880 1984 1045 2051 Coloniae
1077 2005 1215 2052 manere
1246 1986 1443 2050 consultum

209 2113 318 2189 putat.

163 2222 166 2232 '
276 2218 472 2303 inscriptio.
493 2218 515 2303 †
533 2214 651 2285 Rev,‘¹⁰
668 2228 703 2283 et
717 2214 920 2282 charissimo
941 2215 976 2281 in
997 2215 1062 2284 X.⁰
1078 2218 1163 2304 Jesu
1182 2216 1276 2282 fratri
1296 2218 1331 2282 d.
1356 2218 1444 2283 Leo-

208 2336 316 2401 nardo
328 2336 448 2402 Kessel
464 2344 499 2401 et
515 2332 749 2400 dillectissimo
764 2332 800 2399 in
817 2333 939 2400 eodem
954 2332 1104 2399 Domino
1118 2332 1225 2413 fratri,
1240 2334 1275 2399 d.
1291 2334 1446 2401 Adriano

210 2448 456 2536 Antuerpiensi
472 2459 540 2518 etc.
560 2448 736 2517 Coloniae.

274 2566 395 2632 Manet
411 2586 491 2631 cera
508 2566 617 2631 rubra
633 2566 757 2652 sigilli.

785 2711 865 2792 254

325 2845 481 2936 parua
500 2843 717 2931 Jonuues
744 2840 805 2908 ot:
830 2813 1060 2910 pouauco
1086 2844 1147 2908 nx
1171 2843 1324 2910 cortu.
1367 2945 1373 2952 ι

502 2957 620 3012 PATRl
638 2954 880 3012 HIERONYMO
900 2954 1148 3013 DOMENECCO

593 3067 681 3110 noun
704 3066 733 3108 11
756 3067 927 3109 rranunmr
948 3054 1016 3123 1548
1038 3059 1057 3108 ¹.

206 3156 362 3218 Boeotiis,
381 3156 423 3208 ad
438 3154 635 3226 gymnasium
654 3152 888 3214 instituendum,
911 3152 945 3206 in
968 3152 1109 3207 Siciliam
1130 3153 1442 3207 mittendis-Ponti-

249 3243 307 3316 fex
319 3244 435 3315 aliique
452 3244 514 3298 uiri
523 3242 678 3315 principes
687 3241 807 3312 Joanni
823 3242 859 3296 de
879 3242 972 3314 Vaga,
986 3242 1067 3296 illud
1079 3242 1262 3314 postulanti,
1277 3258 1392 3295 morem
1406 3241 1442 3295 li·

256 3335 357 3389 benter
367 3337 496 3406 gerunt.

812 3429 829 3481 †

783 3485 858 3571 Jhs.

268 3613 317 3678 La
337 3609 448 3696 gratia
468 3609 512 3674 de
528 3610 611 3697 Jesu
633 3607 697 3675 X.⁰
720 3616 822 3674 senor
843 3618 984 3674 nuestro
1005 3629 1067 3693 por
1086 3606 1276 3672 verdadero
1298 3603 1438 3671 conoei-

201 3726 328 3794 miento
359 3747 381 3811 y
412 3745 507 3790 amor
534 3744 621 3810 suyo
651 3745 689 3790 se
720 3722 830 3790 sienta
860 3721 996 3808 sienpre
1023 3743 1066 3788 en
1099 3734 1258 3788 nuestras
1289 3719 1434 3787 animas,

201 3845 327 3911 Amen.

233 3983 235 3986 ·
268 3960 354 4026 Rdo.
374 3983 396 4046 y
412 3957 595 4026 charisimo
613 3957 724 4022 Padre
741 3959 809 4020 mio
826 3976 869 4022 en
882 3956 967 4043 Jesu
984 3953 1049 4020 X.⁰
1065 3963 1167 4020 senor
1184 3962 1336 4020 nuestro.

267 4075 423 4159 Despues
439 4076 483 4141 de
499 4095 578 4152 vna,
597 4092 664 4158 que
681 4072 725 4137 V.
745 4072 786 4136 R.
806 4067 931 4135 scrinio
948 4092 991 4137 en
1012 4086 1050 4150 17
1072 4070 1116 4136 de
1137 4071 1251 4135 Enero
1271 4077 1370 4134 antes
1393 4066 1437 4133 de

200 4211 254 4258 ser
272 4190 338 4255 alla
355 4188 531 4268 resecuida
548 4189 580 4253 la
597 4183 783 4252 resolution
801 4186 844 4252 de
861 4185 904 4250 N.
927 4186 967 4250 P.
984 4186 1086 4251 Mtro,
1101 4182 1247 4269 ignatio,
1262 4202 1330 4267 que
1345 4183 1437 4248 lleuo

252 4409 265 4436 ι
303 4393 390 4448 istihc
404 4412 463 4448 ms.

201 4515 399 4526 ——-

253 4586 260 4617 ¹
299 4582 343 4637 Ex
357 4580 533 4637 adversariis
546 4581 746 4652 autographis,
761 4580 791 4634 in
804 4578 906 4635 codice
918 4577 1016 4649 Epist.
1029 4558 1157 4632 Polunci
1170 4593 1206 4632 ex
1215 4592 1334 4639 comm„
1345 4592 1375 4630 n.
1387 4573 1433 4644 89,

87 4689 92 4698 ·
196 4670 277 4744 prius
290 4685 336 4741 94.
