3625 5400
535 465 639 521 Ernst.
659 466 917 534 204.-Enuurr
933 465 1080 525 Ocronru
1100 479 1169 538 1547
1375 467 1430 525 603

125 651 130 658 -
235 614 354 682 vltimo
367 617 415 682 fin
427 617 471 684 de
483 629 642 686 uuestros
653 619 804 690 (1333303.
820 621 901 688 Α331
913 641 992 706 que,
1002 623 1104 688 Mtro.
1120 619 1252 704 simun,
1266 620 1312 688 mi
1323 642 1464 708 parecer

235 753 257 816 y
274 732 451 812 voluntad,
468 753 537 819 que
549 734 625 800 3010
639 755 703 820 por
718 755 813 802 amor
828 736 873 805 de
887 735 974 803 Dios
989 747 1107 822 teng0,
1125 743 1290 823 quanto'tt
1310 739 1463 825 compla-

234 867 293 914 cer
308 847 341 912 al
352 848 482 932 duque,
496 850 597 916 harto
612 855 633 915 tt
648 850 681 916 la
696 852 793 938 larga
808 871 848 918 03
863 852 897 918 la
912 854 956 918 he
968 851 1153 933 mostrad0‚
1167 870 1334 940 yespero‚
1349 875 1411 940 por
1429 854 1462 919 10

236 983 365 1028 musmo
380 983 448 1047 que
463 969 484 1029 1
500 969 544 1031 mi
561 987 616 1032 me
633 987 769 1047 mueue,
784 987 852 1052 que
866 977 942 1034 utra
958 986 1056 1034 cossa
1072 989 1117 1034 no
1132 988 1172 1034 os
1188 974 1348 1054 pareceru
1365 969 1390 1034 ⁴.

811 1111 890 1192 2114

437 1237 621 1307 PATRI
660 1242 878 1310 SIMONI
917 1243 1262 1310 RODERICIO

572 1367 661 1410 noun
674 1367 833 1412 urrunnu
852 1369 992 1416 ocronur
1013 1369 1082 1428 1547
1102 1359 1121 1412 ¹.

183 1515 186 1520 ,
235 1455 282 1510 De
295 1457 482 1513 instituenda
491 1461 550 1530 pro
561 1459 735 1517 candidatis
749 1462 906 1518 Societatis
915 1467 1036 1519 nostrae
1045 1465 1134 1518 dumo
1142 1463 1340 1535 probationis,
1353 1481 1372 1518 α
1382 1464 1467 1519 30113-

284 1544 349 1616 giis
360 1549 512 1615 separata,
528 1548 562 1602 in
574 1563 667 1620 quum
675 1550 769 1605 otium
775 1554 921 1622 poterunt
930 1567 990 1606 3333
1000 1550 1132 1623 recipere
1142 1552 1196 1622 qui
1209 1552 1242 1606 in
1255 1567 1342 1608 sucro
1355 1567 1467 1608 secessu

285 1635 349 1705 piis
360 1636 660 1692 commentationibus
671 1639 830 1694 uxercendi
840 1641 1214 1714 tint-Argumentorum
1228 1645 1391 1705 momenta,
1402 1643 1468 1712 qui·

288 1722 340 1777 bus
352 1725 386 1778 id
397 1725 554 1780 suadetur.
565 1755 601 1767 -
611 1727 778 1784 Existimat
789 1728 943 1802 ignatius,
957 1731 1035 1785 sicut
1048 1730 1162 1784 Romae
1175 1732 1248 1802 opus
1261 1729 1341 1784 illud
1352 1731 1466 1802 cogita·

286 1815 352 1867 tum
364 1817 417 1878 est,
431 1813 477 1868 ita
488 1815 615 1883 facilius
628 1818 727 1873 adhuc
741 1815 950 1874 conimbricae
957 1817 1033 1891 'fiori
1043 1823 1138 1890 posse.

691 1963 695 1967 ν
835 1935 852 1986 †

813 1989 881 2054 Ihs.

303 2119 391 2184 Rdo.
411 2119 522 2188 Padre
538 2125 607 2187 mio
622 2143 665 2188 en
677 2123 761 2210 Jesu
774 2124 839 2191 X.⁰

304 2237 528 2320 Porqueestk
541 2238 584 2303 V.
604 2238 645 2302 R.
664 2243 738 2304 mis
753 2237 944 2305 informado
965 2239 1060 2306 delo
1081 2260 1148 2324 que
1170 2244 1230 2305 331
1251 2259 1288 2307 33
1310 2247 1408 2318 trata,
1428 2239 1461 2307 ie

237 2351 317 2416 (13τὲ
334 2362 430 2435 parte
445 2353 490 2419 de
504 2373 550 2416 vn
566 2352 686 2419 diseno
701 2365 727 2434 ⁸,
746 2375 814 2438 que
829 2355 872 2420 N.
893 2356 934 2421 P.
954 2376 996 2422 en
1009 2357 1092 2442 Jesu
1109 2353 1174 2420 X.⁰
1187 2353 1278 2422 tiene
1290 2355 1402 2421 hecho
1418 2353 1461 2422 de

238 2466 381 2530 muchos
396 2466 470 2533 dias
484 2489 507 2551 y
523 2489 591 2533 aun
607 2475 781 2551 31103331,
798 2489 897 2535 como
912 2491 956 2554 yo
973 2470 1029 2536 dut
1044 2473 1088 2539 he
1103 2470 1193 2556 oydo
1205 2472 1350 2556 (avnque
1363 2470 1462 2535 hasta

236 2601 342 2665 agora
358 2602 404 2646 no
420 2602 458 2648 se
472 2582 561 2667 haya
576 2583 737 2650 otfrecido
748 2583 953 2651 comodidad
967 2606 1047 2671 para
1060 2583 1274 2668 effettuarle),
1285 2585 1462 2670 jurgando

237 2717 279 2763 en
294 2698 326 2762 el
342 2698 454 2764 Senor
470 2710 611 2765 nuestro
627 2720 695 2784 que
709 2706 785 2767 sert
797 2720 879 2767 cosa
891 2702 935 2768 de
949 2702 1077 2767 mucho
1089 2700 1235 2767 seruicio
1246 2721 1332 2786 suyo
1344 2722 1366 2785 y
1379 2699 1459 2765 bien

235 2811 279 2878 de
294 2812 326 2876 13
341 2812 542 2898 Compania.

303 2928 343 2992 El
358 2927 486 2995 deseno
502 2950 552 3010 es,
569 2949 637 3013 que
652 2951 690 2995 se
704 2932 794 3017 haga
810 2953 877 2998 vna
893 2952 973 2997 oasa
989 2932 1256 3016 333133110313,
1271 2935 1458 3011 33313133,

235 3064 316 3127 paru
332 3043 383 3109 los
399 3064 466 3127 que
482 3054 602 3113 entran
618 3044 662 3113 de
678 3066 792 3111 nueuo
808 3068 851 3113 en
867 3046 1059 3132 propositos
1075 3046 1119 3113 de
1134 3067 1189 3113 ser
1204 3046 1248 3113 de
1263 3045 1296 3111 la
1311 3045 1460 3131 Compa-

236 3163 304 3238 nia,
322 3180 389 3244 que
410 3180 456 3225 30
474 3180 557 3226 3333
578 3181 644 3226 avn
665 3162 835 3246 prouados
855 3162 888 3227 ni
911 3161 1102 3230 admetidos
1122 3182 1203 3247 para
1223 3182 1278 3228 ser
1298 3161 1399 3239 della,
1425 3159 1460 3225 ni

232 3294 314 3359 para
331 3274 463 3357 ymbiar
479 3280 499 3341 tt
514 3276 565 3342 los
580 3276 726 3355 studius,
744 3298 827 3362 pero
848 3299 885 3345 se
906 3276 1044 3343 reciben
1064 3298 1146 3362 para
1165 3274 1357 3362 prouatium
1381 3298 1403 3361 y
1427 3277 1459 3341 ia

231 3410 359 3455 mesma
374 3389 504 3457 seruirtt
518 3413 598 3476 para
614 3403 722 3471 utros,
741 3412 808 3477 que
825 3392 949 3460 vienen
963 3398 1044 3477 aqui
1060 3393 1103 3459 (13
1117 3392 1175 3459 (113
1195 3414 1238 3459 33
1260 3393 1315 3457 (113
1332 3392 1375 3459 (13
1398 3412 1459 3456 va-

231 3504 297 3571 rias
314 3504 489 3586 33110333,
501 3526 567 3571 con
583 3516 682 3573 votos
702 3512 723 3573 ό
741 3507 934 3594 propusitos
954 3508 997 3575 de
1018 3529 1072 3576 ser
1094 3527 1136 3573 en
1160 3518 1234 3574 esta
1255 3507 1456 3591 Compaitia,

283 3725 297 3751 ²
316 3709 405 3779 Quae
414 3710 601 3780 praecedunt
609 3715 681 3766 sunt
693 3714 888 3785 autographa
901 3714 939 3766 P.
955 3714 1093 3767 Polanci.

283 3882 296 3913 ⁴
331 3879 423 3935 Hisce
439 3882 621 3949 argumentis
642 3880 815 3938 Rodericius
833 3892 930 3938 motus
948 3900 1007 3938 non
1025 3890 1080 3939 est:
1100 3880 1252 3938 Estradam
1274 3882 1408 3952 retinuit,
1426 3882 1457 3937 id

231 3968 320 4023 etiam
334 3972 454 4027 volente
466 3951 581 4045 Jou'nne
593 3974 644 4041 111,
656 3971 751 4027 donec
764 3971 883 4043 tandem
893 3989 970 4027 3330
981 3972 1117 4045 sequenti
1133 3972 1165 4026 18
1179 3970 1289 4044 Aprilis
1302 3970 1455 4026 Salmanti-

231 4073 295 4111 cam
312 4058 433 4116 Estrudu
443 4063 536 4119 venit.
550 4062 647 4135 Epist.
664 4062 788 4126 Minae,
802 4062 824 4131 1,
838 4060 901 4130 493.
910 4061 1006 4115 -Non
1020 4062 1176 4132 apponitur
1187 4060 1329 4132 epistolae
1343 4060 1457 4115 notatio

231 4148 383 4219 temporis,
395 4168 454 4222 quo
465 4150 534 4207 data
547 4159 603 4219 est3
618 4168 673 4207 nec
686 4165 738 4205 nos
751 4144 830 4205 diem
843 4159 895 4204 aut
913 4166 1043 4205 mensem
1057 4157 1138 4205 certo
1152 4148 1275 4204 definire
1289 4165 1454 4220 possumus.

230 4232 306 4290 Curn
324 4245 423 4293 tamen
435 4247 504 4295 3313
517 4240 589 4296 31133
605 4240 714 4311 Ignatii
735 4240 849 4296 litteras
865 4238 903 4293 (13
921 4237 1026 4293 eodem
1043 4248 1225 4308 argumento,
1241 4240 1361 4292 ineunte
1379 4252 1457 4292 3330

233 4324 301 4392 1548
314 4324 344 4380 in
357 4326 567 4399 Portugullium
581 4326 874 4399 3113333,3133(131)10
887 4328 961 4383 haec
973 4327 1099 4399 epistola
1111 4328 1219 4399 scripta
1232 4325 1378 4394 videatur3
1389 4324 1458 4381 ideo

230 4413 331 4468 illum'
323 4422 400 4471 mter
413 4434 473 4485 333,
487 4434 563 4490 quue
581 4416 705 4476 Octobri
718 4433 819 4473 mense
833 4416 1000 4486 mittuntur,
1013 4432 1248 4475 annumeramus

287 4506 377 4558 Ex
388 4504 490 4561 codiee
503 4507 621 4580 Rogat.
635 4509 662 4573 1,
675 4508 796 4579 archen,
811 4504 862 4562 101.
880 4518 941 4576 144.
955 4505 1143 4578 Insuperrorr
1155 4506 1255 4562 charta
1265 4503 1374 4576 legitur
1386 4502 1457 4559 trtu

230 4593 277 4646 lus
298 4571 445 4650 secundae
467 4596 568 4667 partis,
591 4595 710 4652 Polanci
732 4613 820 4651 manu
839 4604 992 4664 exaratus,
1011 4612 1100 4667 quem
1123 4594 1240 4650 titulum
1262 4592 1330 4649 vide
1355 4610 1454 4667 supra,

152 4710 157 4720 ·
229 4697 298 4753 μς.
314 4682 349 4737 28
361 4682 528 4740 rubfinem.
