3625 5400
745 492 778 540 :t
857 480 861 484 ”
1497 491 1910 545 ΜοΝυΜεΝτΑ
1947 488 2304 544 IGNATIANA

677 644 821 708 aliis
861 640 1171 711 homines
1212 641 2115 728 distentioccupationibuS,
2154 663 2383 709 curam
2429 643 2797 729 evulgandi
2846 643 3116 713 codices

677 756 1139 844 negligebant.
1191 757 1547 844 Quidquid
1589 768 1814 824 tamen
1860 757 1932 823 in
1972 778 2180 826 causa
2232 757 2472 838 fuerit,
2529 759 2761 845 plures
2804 770 2923 826 aut
2978 762 3115 827 fra·

677 884 949 956 gmenta
985 883 1273 955 tanturn,
1310 874 1396 940 ad
1429 873 1894 939 informandos
1924 894 2145 940 mores
2169 873 2556 959 peridonea‚
2585 873 2655 940 in
2678 876 3115 942 vernaculam

677 988 981 1072 linguam
1009 989 1353 1069 translata,
1382 999 1503 1054 aut
1525 1010 1696 1074 quas
1720 1009 1985 1055 summa
2010 987 2363 1075 diligentia
2385 989 2699 1076 epistolas
2721 990 2904 1056 nacti
2928 1000 3113 1071 sunt,

677 1104 1077 1188 plerumque
1108 1126 1194 1171 ex
1235 1103 1654 1191 apographis
1696 1103 2073 1189 descriptas
2113 1103 2494 1172 ediderunt.
2536 1104 2929 1173 Potuissent
2970 1105 3117 1172 sine

673 1220 881 1284 dubit]
905 1239 1065 1304 prae
1097 1217 1386 1287 caeteris
1418 1217 1795 1286 doctissimi
1827 1218 1995 1285 socii
2023 1219 2445 1287 Bollandiani
2468 1220 2946 1306 amplissimam
2970 1243 3119 1288 mo-

673 1348 1148 1400 numentorum
1174 1334 1303 1403 Sti.
1332 1333 1578 1420 Ignatii
1611 1344 1920 1421 segetem
1951 1334 2297 1420 colligere,
2328 1335 2579 1421 quippe
2612 1336 2729 1422 qui
2760 1358 3115 1404 romanum

673 1448 1051 1528 archivum,
1079 1449 1526 1519 bibliothecas
1551 1452 1767 1518 ferme
1789 1471 2050 1530 omnes,
2072 1460 2280 1535 atque
2302 1450 2373 1516 in
2397 1451 2651 1519 eisdem
2676 1464 3117 1519 monumenta

669 1568 1041 1652 archetypa
1070 1575 1233 1632 sunt
1263 1564 1690 1650 perscrutati;
1717 1587 1958 1632 verum
1990 1564 2301 1634 homines
2325 1568 2721 1653 prudenteS,
2749 1567 2963 1634 labori
2989 1590 3114 1635 suo

673 1680 1057 1764 uigiliisque
1088 1680 1356 1761 intenti,
1394 1703 1475 1749 ea
1505 1682 1883 1762 dumtaxat,
1914 1704 2090 1767 quae
2120 1683 2206 1748 ad
2240 1683 2444 1751 finem
2474 1683 2605 1749 sibi
2635 1683 3109 1769 praestitutum

673 1796 1033 1876 faciebant,
1071 1796 1489 1882 selegerunt,
1519 1806 1724 1882 atque
1746 1797 1986 1864 eadem
2011 1799 2413 1883 plerumque
2444 1809 2563 1866 aut
2587 1800 2731 1867 fere
2753 1820 3020 1886 semper
3042 1798 3111 1865 in

673 1912 1033 1976 latinorum
1064 1932 1451 1979 sermonem
1482 1932 1832 1979 conversa.
1871 1913 2107 1997 Quare
2138 1935 2391 2000 paucas
2420 1936 2705 1983 numero
2738 1914 2868 1983 Sti.
2908 1917 3116 2002 Igna-

677 2024 749 2088 tii
781 2028 1041 2092 litteras
1071 2027 1420 2107 exhibent3
1458 2048 1710 2112 paucas
1738 2026 1945 2094 etiam
1985 2028 2073 2096 ad
2110 2028 2369 2115 ipsum:
2415 2007 2619 2116 saepe
2660 2052 2800 2097 non
2845 2030 3114 2117 integra

673 2151 1138 2222 monumenta,
1175 2142 1295 2209 sed
1328 2143 1548 2230 capita
1580 2143 1937 2229 quaedam,
1966 2165 2111 2211 rem
2143 2167 2183 2212 a
2214 2167 2290 2213 se
2321 2145 2731 2232 disputatam
2766 2146 3113 2219 illustran-

677 2260 789 2336 tia,
829 2260 1266 2338 transferunt3
1303 2259 1624 2345 pleraque
1653 2258 2003 2341 omittunt,
2054 2281 2194 2327 non
2232 2260 2393 2345 quia
2432 2256 2561 2346 ipsi
2600 2282 2682 2330 ea
2722 2272 2841 2328 aut
2885 2261 3111 2349 parvi-

677 2376 970 2460 pendant
1013 2383 1127 2440 aut
1173 2373 1555 2461 negligant,
1598 2359 1720 2443 sed
1762 2374 1947 2460 quia,
1995 2375 2305 2461 quamvis
2344 2377 2794 2463 optima-sint,
2838 2377 3113 2444 minime

673 2512 877 2576 scopo
909 2512 1037 2556 suo
1067 2491 1778 2556 accommodabantur.
1819 2490 2050 2576 Hujus
2098 2492 2365 2558 numeri
2404 2513 2483 2558 ac
2514 2502 2718 2560 notae
2746 2503 3116 2561 censentur

677 2604 997 2685 Lumina,
1051 2604 1302 2689 quibus
1354 2604 1702 2691 ignatiana
1757 2627 1950 2672 mens
1991 2605 2316 2673 divinitus
2357 2607 2904 2688 collustrabatur,
2950 2609 3112 2675 dum

673 2717 925 2785 ordinia-
957 2741 997 2785 a
1029 2743 1103 2788 se
1133 2720 1389 2787 conditi
1418 2722 1609 2808 leges
1648 2720 2259 2791 constitutionesve
2297 2722 2660 2804 scribebat3
2696 2725 3032 2791 Diarium
3076 2747 3115 2790 a

673 2837 1041 2901 Consaltrio
1075 2837 1164 2902 da
1192 2838 1482 2903 Camara
1513 2847 1889 2918 exaratum3
1926 2839 2279 2904 Exercitia
2310 2840 2724 2924 spiritualia,
2757 2851 3113 2908 sexcenta-

673 2973 805 3033 ηυξ
861 2952 1247 3037 hujusmodi
1299 2952 1571 3019 silentio
1625 2952 2100 3039 praetermissa
2153 2964 2271 3020 aut
2324 2955 2729 3040 compendio
2782 2966 2852 3022 et
2907 2954 3114 3023 latine

677 3065 949 3153 scripta.

813 3185 1009 3249 Patet
1060 3180 1271 3269 igitur
1316 3207 1400 3252 ex
1449 3186 1808 3270 hucusque
1838 3184 2039 3252 dictis
2083 3184 2454 3253 necessitas
2500 3206 2717 3253 novae
2771 3185 3111 3267 editioniS,

677 3317 849 3381 quae
885 3298 1110 3365 omnia
1141 3298 1269 3368 Sti.
1306 3299 1551 3386 Ignatii
1583 3299 1861 3386 scripta,
1905 3301 2127 3367 adhuc
2168 3300 2237 3366 in
2282 3300 2579 3369 tenebris
2616 3300 3109 3383 delitescentia,

677 3413 1188 3497 complectatur,
1217 3414 1274 3482 si
1298 3416 1566 3501 plenam
1591 3414 1772 3482 illius
1796 3415 2106 3483 notitiam
2131 3416 2405 3483 haurire
2426 3416 2715 3483 velimus
2737 3426 2944 3502 atque
2966 3416 3120 3483 aliis

681 3529 881 3593 etiam
941 3531 1346 3613 patefacere.
1390 3531 1590 3615 Quae
1642 3529 1824 3599 enim
1864 3532 2169 3598 nondum
2208 3532 2664 3618 adspexerunt
2693 3533 2914 3600 lucem
2957 3532 3116 3599 talia

681 3657 861 3721 sunt,
905 3657 1001 3725 ut,
1037 3645 1180 3714 sive
1211 3646 1618 3733 scriptorum
1653 3646 1919 3732 copiam
1952 3645 2097 3715 sive
2136 3639 2449 3714 naiuram
2481 3646 2900 3728 considereS,
2938 3648 3115 3713 mul-

681 3773 821 3825 tutn
877 3761 961 3825 ad
1005 3762 1560 3847 cognoscendum
1602 3761 1943 3847 Ignatium
1984 3764 2294 3829 conferre
2333 3762 2614 3832 fateare.
2659 3765 2819 3848 Quo
2873 3763 2945 3829 in
2983 3784 3115 3828 nu-

677 3897 861 3941 mero
893 3877 1232 3945 censenda
1262 3876 1467 3943 etiam
1498 3887 1659 3943 sunt
1689 3899 1771 3945 ea
1801 3876 2075 3965 scripta,
2111 3899 2309 3963 quae,
2344 3878 2474 3945 etsi
2505 3880 2592 3945 ab
2626 3878 2775 3962 aliis
2814 3889 3111 3960 exarata,

677 4005 901 4057 tamen
937 4017 1021 4061 eit
1052 3992 1298 4079 Ignatii
1333 4014 1451 4061 ore
1482 4004 1769 4080 excepta
1799 4004 1987 4080 sunt,
2023 4005 2166 4074 aut,
2218 4015 2302 4061 eo
2341 3995 2667 4075 dictante,
2706 3994 3110 4081 conscripta.

813 4109 1025 4189 Igitur
1051 4106 1347 4175 instituti
1379 4108 1596 4175 nostri
1626 4108 1801 4177 ratio
1830 4109 1976 4176 sive
2016 4131 2267 4196 scopus
2297 4120 2405 4180 est
2434 4112 2670 4180 edere:

817 4225 869 4302 t}
961 4224 1185 4290 omnia
1217 4225 1343 4293 Sti.
1372 4225 1686 4294 Parentis
1717 4224 1994 4312 scripta,
2024 4236 2290 4311 praeter
2323 4228 2626 4294 Examen
2657 4237 2727 4293 et
2759 4226 3116 4295 Constitu-

673 4341 897 4405 tiones
933 4338 1292 4407 Societatis
1315 4343 1507 4428 Jesu.
1540 4342 1695 4416 Hoc
1721 4341 1904 4410 enirn
1939 4352 2357 4428 postremum
2390 4364 2564 4429 opus
2595 4344 2766 4411 adeo
2797 4352 3115 4410 accurate

677 4477 857 4521 anno
901 4457 1060 4541 1392
1091 4454 1352 4521 editum
1391 4466 1521 4539 est,
1562 4467 1637 4523 ut
1683 4456 1852 4523 nihil
1893 4457 2134 4525 melius
2175 4467 2298 4524 aut
2336 4458 2707 4544 perfectius
2747 4458 3117 4526 desiderari

685 4573 917 4657 possin
1670 4557 1673 4559 ¹
1926 4580 1930 4585 '

813 4689 873 4765 2]
969 4686 1253 4773 plurima
1307 4688 1728 4757 diversorum
1779 4699 2225 4758 monumenta
2277 4690 2364 4757 ad
2417 4689 2756 4776 Ignatium
2811 4689 3117 4776 proxime
