3625 5400
606 474 710 532 Enrsr.
730 488 866 547 aze-22
886 474 1071 532 Novmmms
1092 484 1160 544 1547
1406 476 1460 547 ⁶47

267 623 414 696 libenter
437 628 504 694 hoc
524 626 636 713 ipsum
655 626 706 694 eis
726 626 944 709 contulisset3
967 647 1061 695 nunc
1080 649 1175 709 vere,
1198 648 1278 695 cum
1298 639 1431 696 tanturn
1450 650 1493 697 ex

267 740 317 809 eis
333 740 466 810 nouerit
475 745 521 809 D.
535 743 694 824 Paulum,
708 745 751 810 D.
765 741 977 830 Ciprianum,
990 745 1035 812 D.
1053 742 1243 812 Antonium
1258 742 1490 827 criminalem,

267 878 327 925 eos
341 857 519 925 dumtaxat
534 856 570 924 in
585 856 800 926 coadiutores
815 858 1009 945 spirituales
1025 858 1125 945 (sicut
1141 868 1176 926 te
1190 857 1315 946 ipsum)
1329 858 1490 943 admittit,

265 971 461 1058 eisdemque
474 972 691 1040 facultatibus
705 961 855 1061 preditos
871 994 948 1043 esse
963 975 1008 1041 ad
1022 973 1272 1042 edificationem
1286 974 1362 1042 vult
1376 973 1491 1061 proxi-

266 1108 412 1155 morum.
431 1090 503 1156 Vos
518 1108 603 1175 ergo
619 1097 781 1174 quattuor
796 1088 849 1157 his
860 1090 933 1175 jam
949 1112 991 1157 ex
1006 1110 1101 1157 nunc
1115 1088 1275 1156 fruemini
1298 1088 1492 1157 concessio-

264 1199 378 1270 nibus.
392 1204 446 1272 De
462 1202 605 1272 caeteris
619 1213 734 1271 autem
750 1204 911 1272 fratribus
927 1225 1009 1271 cura
1021 1214 1058 1270 vt
1074 1205 1117 1272 ad
1132 1226 1196 1272 nos
1211 1204 1353 1286 scribas,
1367 1203 1492 1290 quibus

265 1338 398 1385 morum
410 1327 444 1387 et
455 1316 628 1387 doctrinae
640 1329 674 1386 et
686 1318 759 1385 aliis
771 1318 1004 1406 spiritualibus
1016 1319 1155 1387 dotibus
1166 1320 1236 1387 sint
1246 1318 1416 1401 omati,vt
1428 1320 1489 1402 eis,

264 1454 327 1520 pro
348 1432 562 1520 singulorum
582 1443 697 1521 captu,
716 1436 809 1519 quod
830 1435 1031 1504 conuenerit
1050 1435 1237 1521 gratiarum
1257 1435 1488 1523 indulgeatur.

264 1550 313 1617 Vt
328 1558 442 1618 tamen
458 1559 493 1619 et
507 1548 572 1637 ipsi
587 1559 622 1617 et
638 1570 700 1618 vos
719 1560 883 1635 quattuor
898 1522 1099 1637 intelligatis
1114 1571 1197 1618 num
1213 1550 1328 1637 aliquo
1346 1549 1490 1637 impedi·

265 1674 379 1732 mento
394 1665 577 1733 arceamini
593 1667 637 1731 ab
652 1668 717 1733 hac
730 1665 913 1747 Societate,
927 1676 1059 1752 septem
1075 1667 1119 1733 ad
1134 1688 1196 1734 vos
1213 1665 1487 1750 transmittimus,

264 1779 298 1846 in
311 1801 456 1866 quorum
471 1780 609 1867 aliquod
624 1782 654 1849 si
668 1780 745 1867 quis
761 1772 948 1863 incidisset,
962 1780 1131 1869 intelligat
1143 1783 1333 1850 secundum
1349 1781 1490 1849 institu-

264 1906 338 1963 tum
361 1895 544 1966 Societatis
570 1920 608 1966 se
634 1897 772 1966 minime
794 1897 941 1978 admitti,
963 1920 1007 1966 ne
1027 1898 1062 1966 in
1083 1898 1314 1967 coadiutorem
1337 1896 1486 1983 quidem,

263 2032 363 2098 posse
382 2013 418 2079 ¹⁰.
438 2013 515 2081 Non
533 2023 645 2081 tamen
662 2012 776 2080 animo
791 2012 947 2080 concidat
962 2013 1019 2082 vel
1033 2015 1224 2101 frangatur,
1243 2013 1272 2080 si
1288 2012 1365 2098 quis
1385 2011 1486 2079 isthic

263 2126 347 2213 agit,
361 2126 420 2214 qui
436 2127 471 2195 in
486 2127 624 2212 aliquod
639 2152 682 2198 ex
698 2128 751 2195 his
766 2128 935 2210 inciderit;
953 2128 1088 2195 curabit
1102 2128 1194 2196 enirn
1210 2130 1251 2196 Ρ.
1269 2127 1437 2216 lgnatius,
1450 2140 1489 2194 vt

263 2244 425 2331 benigne,
443 2255 609 2329 quantum
625 2244 698 2311 fieri
713 2242 834 2331 possit,
859 2243 1046 2313 remedium
1065 2244 1097 2313 ei
1117 2243 1330 2313 adhibeatur.
1352 2244 1422 2313 Sed
1444 2244 1488 2312 de

261 2358 315 2425 his
331 2358 471 2444 quidem
487 2358 581 2427 satis.

327 2474 432 2559 Quod
455 2495 536 2542 vero
562 2474 612 2542 ais
637 2476 925 2562 pernecessariam
946 2475 1007 2542 tibi
1027 2474 1135 2544 videri
1156 2474 1353 2542 facultatem
1373 2476 1486 2543 absol·

262 2590 364 2657 uendi
376 2612 396 2657 a
412 2590 550 2658 casibus
561 2592 744 2660 reseruatis
755 2592 790 2659 in
802 2593 895 2658 bulla
906 2611 993 2660 cene
1003 2589 1154 2671 Domini,
1168 2600 1204 2658 et
1215 2588 1315 2657 nobis
1326 2588 1360 2657 id
1372 2590 1486 2677 ipsum

259 2704 406 2786 videtur,
425 2716 460 2776 et
474 2707 652 2774 curabitur
667 2719 704 2794 vt
719 2730 760 2777 ea
777 2709 922 2776 facultas
941 2707 1147 2791 obtineatur,
1165 2706 1246 2776 licet
1264 2708 1419 2774 nondum
1441 2708 1486 2775 sit

260 2829 479 2905 attentatum;
502 2822 678 2891 comodius
705 2836 819 2892 tamen
845 2825 964 2910 procul
984 2823 1089 2890 dubio
1109 2822 1145 2890 id
1165 2823 1237 2904 fiet,
1260 2823 1289 2889 si
1315 2823 1439 2908 aliquis
1465 2847 1485 2891 a

259 2935 356 3003 vobis
371 2937 415 3004 ad
431 2959 493 3004 nos
510 2938 675 3021 mittatur,
694 2937 821 3024 quiea,
839 2959 928 3025 quae
946 2937 1200 3023 pernecessaria
1219 2936 1295 3004 istis
1313 2937 1350 3005 in
1370 2939 1484 3025 regio-

252 3037 362 3119 'nibus
377 3063 471 3134 sunt,
485 3053 575 3120 norit
591 3075 773 3140 exponere.

323 3169 393 3237 Sed
409 3189 479 3235 non
494 3168 636 3235 vlterius
651 3167 865 3255 progrediar3
884 3166 1026 3252 reliqua,
1045 3188 1134 3253 quae
1153 3169 1197 3235 de
1212 3177 1349 3234 nostrae
1364 3167 1483 3236 Socie-

256 3261 335 3350 tatis
347 3284 585 3371 progressibus
596 3284 632 3350 in
644 3282 792 3351 Domino
804 3283 997 3369 intelligere
1006 3281 1142 3362 voletis,
1156 3283 1200 3348 ad
1215 3281 1482 3350 consolationem

253 3398 571 3484 edificationemque
597 3399 723 3487 scripta
750 3398 925 3478 fratriboS,
948 3397 1007 3483 qui
1033 3407 1114 3464 sunt
1140 3396 1176 3463 in
1203 3396 1416 3484 Portugalia,
1438 3398 1482 3464 ab

252 3513 405 3602 ipsismet
421 3512 607 3600 accipietis,
625 3515 749 3600 quibus
764 3517 831 3580 hoc
851 3513 990 3601 negocii
1005 3523 1058 3580 est
1073 3511 1277 3593 iniunctum,
1295 3523 1333 3578 vt
1347 3523 1482 3580 nostras

252 3628 382 3698 litteras
397 3631 453 3696 vel
467 3652 584 3697 earum
601 3631 756 3716 exempla
771 3631 815 3696 ad
831 3651 893 3696 vos
910 3628 1165 3697 trasmitterent.

320 3747 405 3813 Vale
425 3745 461 3811 in
483 3745 631 3812 Domino
654 3765 732 3812 curn
754 3745 914 3812 omnibus
935 3743 1097 3811 fratribus
1117 3743 1153 3809 in
1172 3741 1239 3810 X.⁰
1259 3741 1478 3823 charissimis,

189 3852 194 3870 ⁴
253 3859 312 3946 qui
328 3859 429 3928 isthic
444 3872 565 3948 agunt,
586 3881 730 3947 quorum
746 3860 958 3928 orationibus
973 3881 1036 3926 nos
1051 3881 1170 3928 omnes
1186 3859 1476 3926 commendamus.

315 3978 417 4064 Jesus
436 3979 521 4059 X.¹¹⁵,
540 3988 643 4063 caput
659 3957 788 4059 noster,
807 3975 997 4044 arctissimo
1017 3975 1191 4043 charitatis
1212 3973 1352 4042 vinculo
1368 3973 1402 4040 in
1423 3995 1478 4041 se·

252 4089 397 4178 metipso
412 4114 475 4160 nos
491 4114 609 4164 omnes
625 4103 740 4162 teneat
756 4113 858 4178 quam
875 4091 1021 4159 maxime
1037 4091 1252 4171 coniunctos,
1267 4100 1302 4158 et
1317 4089 1353 4156 in
1368 4088 1479 4158 omni-

252 4207 317 4274 bus
332 4207 430 4275 nobis
446 4208 651 4277 clarificetur
666 4218 701 4276 et
715 4209 874 4278 laudetur
890 4207 926 4275 in
942 4207 1197 4294 sempiternum.
1216 4206 1342 4274 Amen.

318 4324 446 4390 Romae
466 4342 505 4391 10
521 4325 681 4394 calendas
696 4324 896 4393 Dezembris
917 4339 1014 4407 1547.

317 4437 439 4507 Sieruo
455 4439 490 4505 in
506 4439 667 4521 Domino,

833 4557 971 4645 †JOAu
995 4577 1042 4624 oe
1066 4557 1250 4624 Pornnco.
1277 4555 1299 4640 †

304 4696 327 4732 ¹⁰
363 4696 576 4770 Impedimenta
588 4699 661 4754 haec
674 4706 847 4755 enumerant
862 4695 1097 4755 Constitutione
1110 4697 1141 4754 S.
1149 4696 1197 4770 J.,
1211 4696 1243 4750 P.
1260 4696 1285 4768 Ι,
1297 4711 1362 4768 cap.
1377 4691 1405 4750 3.
