3625 5400
583 468 688 523 Errsr.
709 464 844 537 243···¹4
863 467 1016 537 Jruunmr
1035 467 1103 538 1548
1366 473 1417 542 691

228 625 321 690 .Pero
336 626 419 707 {que
435 621 466 687 ie
483 618 663 706 respondid
679 618 730 689 fel
742 610 889 706 profeta?
902 621 1020 705 Quare
1031 642 1102 687 non
1113 623 1238 690 audisti
1252 645 1371 691 uocem
1383 627 1458 691 Do-

229 737 328 816 mini,
346 747 381 803 et
397 735 507 803 fecisti
522 738 647 801 malum
665 735 700 800 in
715 735 823 801 oculis
839 736 993 801 Domini?
1008 745 1023 785 '⁸
1037 738 1062 803 ⁸.
1083 739 1113 803 Y
1129 737 1276 825 despues
1288 740 1457 825 alegando

230 852 316 922 Saul
332 873 412 919 seus
427 850 623 919 sacrificios:
642 850 807 936 Nunquid
822 851 897 916 uult
914 851 1082 919 Dominus
1096 854 1295 921 holocausta
1311 866 1346 921 et
1358 854 1439 921 victi

230 990 318 1047 mas,
337 980 372 1035 et
388 988 456 1033 non
474 966 599 1053 potiuS,
617 977 655 1033 ut
672 965 851 1035 obediatur
871 965 950 1033 uoci
972 967 1126 1035 Domini?
1146 969 1267 1037 Melior
1289 982 1341 1037 est
1365 970 1454 1039 enim

233 1082 439 1164 obedientia,
459 1104 559 1167 quam
576 1081 747 1163 uictimae,
766 1091 801 1150 et
816 1083 1010 1150 auscultare
1026 1082 1053 1163 ¹¹,
1072 1105 1173 1168 quam
1190 1086 1313 1153 offerre
1324 1086 1456 1171 adipem

230 1199 391 1267 arietum.
415 1198 587 1283 Quoniam
611 1197 707 1282 quasi
729 1206 911 1282 peccatum
933 1198 1103 1265 areolandi
1125 1210 1178 1267 est
1197 1221 1401 1286 repugnare,
1423 1212 1458 1267 et

159 1362 162 1371 .
231 1315 332 1400 quasi
349 1317 461 1381 scelus
476 1312 686 1381 idololatriae
701 1314 790 1379 nolle
807 1312 1025 1397 acquiescere
1039 1316 1066 1383 ⁹.
1085 1316 1147 1381 Tal
1163 1337 1221 1383 era
1233 1315 1415 1401 asymismo
1426 1317 1458 1383 el

219 1430 220 1435 ’
234 1430 403 1497 sacrificio
420 1431 462 1497 de
479 1430 576 1522 Cain,
596 1430 639 1497 de
655 1429 708 1495 ios
723 1430 853 1495 fructos
868 1430 913 1496 de
928 1429 961 1495 la
977 1428 1079 1495 tierra
1095 1431 1138 1498 de
1154 1452 1239 1516 poco
1261 1431 1368 1512 ualor,
1391 1452 1458 1516 que

231 1567 281 1612 no
298 1545 443 1613 merceio
459 1544 466 1584 ⁵
482 1564 549 1630 que
565 1544 649 1611 Dios
664 1545 715 1611 los
732 1544 866 1626 mirase;
889 1566 975 1630 pues
999 1546 1084 1613 tales
1103 1567 1165 1613 son
1190 1548 1243 1614 los
1268 1546 1416 1631 trabajos
1438 1552 1459 1613 ό

234 1662 437 1729 afflictiones
453 1661 510 1729 del
525 1681 690 1746 cuerpoy
711 1681 780 1725 aun
801 1661 844 1727 de
866 1661 899 1727 la
920 1660 1042 1741 Anima,
1065 1683 1089 1747 y
1109 1662 1345 1746 qualesquiera
1368 1673 1459 1729 otras

234 1779 349 1857 obraS,
372 1777 401 1843 si
424 1796 461 1845 se
483 1775 665 1844 ofresceni
687 1775 739 1843 sin
764 1778 797 1842 la
817 1771 1016 1844 obediencia
1037 1800 1059 1862 y
1080 1776 1244 1844 charidad
1263 1778 1389 1844 debita.
1413 1779 1460 1845 Al

233 1892 418 1973 contrario,
438 1891 586 1977 respexit
601 1890 770 1959 Dominus
786 1890 800 1931 ¹‘
817 1892 860 1957 ad
875 1893 966 1960 Abel
982 1904 1016 1960 et
1031 1890 1039 1931 ¹
1059 1914 1201 1959 munera
1221 1892 1307 1975 eius,
1330 1914 1460 1979 porque

235 2007 381 2075 ofrescio
397 2009 441 2075 de
456 2006 691 2094 primogenitis
707 2006 824 2093 gregis
840 2007 894 2073 sui
905 2019 928 2047 ¹¹²
938 2017 973 2075 et
985 2008 1028 2074 de
1040 2008 1195 2094 adipibus
1211 2030 1329 2075 eorum
1346 2012 1381 2075 ¹⁰.
1399 2010 1460 2075 Tal

233 2144 273 2193 es
299 2123 332 2190 01
352 2123 454 2190 noble
475 2120 642 2188 sacrificio
663 2100 758 2188 dela
778 2122 946 2188 uoluntad
969 2122 1106 2208 propria
1129 2146 1152 2208 y
1174 2122 1457 2204 entendimientO,

232 2260 302 2325 que
318 2260 382 2304 con
400 2238 568 2304 deuocion
583 2236 626 2304 de
642 2237 840 2305 obediencia
856 2258 892 2304 se
909 2237 1042 2306 ofresce
1058 2244 1078 2305 a
1094 2238 1126 2304 la
1141 2237 1259 2304 diuina
1279 2240 1458 2324 magestad

229 2376 297 2440 por
313 2376 372 2421 sus
388 2352 559 2421 ministros
575 2353 610 2419 in
626 2352 766 2419 odorem
782 2352 969 2420 suauitatis.
989 2354 1042 2420 No
1059 2353 1150 2422 tiene
1165 2356 1199 2420 ia
1214 2356 1276 2436 sai,
1290 2375 1357 2437 que
1370 2375 1415 2421 en
1427 2354 1459 2423 el

233 2470 390 2538 Leuitico
406 2492 443 2537 se
459 2470 582 2535 manda
598 2468 747 2537 ofrescer
761 2490 806 2536 en
822 2468 902 2535 todo
918 2467 1097 2549 sacrificio,
1116 2468 1219 2553 quien
1235 2480 1355 2536 contra
1375 2470 1461 2537 obe-

232 2584 369 2653 diencia
384 2585 515 2653 ofresce
531 2606 573 2651 su
589 2604 714 2670 cuerpo
729 2605 772 2651 en
789 2582 962 2653 afliciones
981 2590 1003 2651 ό
1025 2585 1069 2653 de
1090 2594 1165 2651 otra
1185 2606 1335 2652 manera:
1358 2606 1403 2650 no
1424 2606 1461 2652 es

234 2712 310 2768 esta
325 2702 458 2786 aquella
474 2700 587 2767 hostia
603 2699 683 2767 uiua
698 2723 722 2785 y
737 2701 912 2767 conforme
923 2707 943 2769 a
955 2707 1056 2768 razon
1073 2712 1100 2781 ¹¹,
1115 2701 1333 2787 yagradable
1346 2706 1366 2766 11
1377 2699 1462 2767 Dios

234 2827 375 2886 nuestro
392 2815 523 2883 criador
538 2838 561 2901 y
576 2824 690 2896 senor,
709 2837 775 2901 que
790 2815 1013 2883 encomienda
1028 2838 1090 2884 san
1107 2817 1215 2883 Pablo
1236 2818 1272 2880 ¹¹.
1288 2816 1436 2900 Querria
1447 2828 1461 2856 ⁰

227 2953 274 2998 se
290 2932 486 3000 entiendese
502 2927 580 2998 bien
600 2954 623 3016 y
639 2931 790 2999 tuuiesse
805 2951 849 2996 en
865 2931 897 2997 la
913 2931 1075 2998 memoria
1090 2931 1225 3015 aquella
1247 2932 1375 2998 uerdad
1394 2952 1462 3016 que

236 3068 298 3113 san
315 3047 488 3114 Bernardo
504 3045 590 3112 dize:
609 3045 701 3130 quod
717 3045 746 3111 si
762 3045 844 3130 quid
859 3045 934 3112 sine
951 3047 1128 3112 uoluntate
1139 3056 1174 3112 et
1186 3066 1357 3112 consensu
1373 3058 1461 3132 ppa·

235 3161 298 3227 tris
314 3161 497 3247 spiritualis
513 3161 563 3242 fit,
582 3159 804 3246 imputabitur
820 3181 931 3227 uanae
945 3160 1087 3247 gloriae,
1105 3181 1175 3226 non
1191 3160 1351 3228 mercedi.
1369 3162 1462 3228 Pues

233 3283 381 3364 {quanto
397 3282 468 3342 mas
485 3297 521 3342 se
537 3286 658 3342 contra
676 3277 854 3343 uoluntad?
874 3276 969 3360 {Qud
992 3268 1098 3341 maior
1118 3274 1276 3343 soberuia
1299 3276 1387 3360 pode
1407 3297 1463 3344 ser

234 3413 304 3476 que
320 3391 462 3477 preterit
479 3395 520 3458 su
536 3411 659 3476 querer
675 3413 698 3476 y
713 3389 817 3458 sentit
839 3391 871 3457 al
890 3390 934 3458 de
954 3391 1055 3475 aquei
1078 3410 1146 3475 que
1170 3392 1216 3457 ha
1239 3390 1461 3459 reconoscido

235 3505 292 3575 ein
308 3509 409 3602 lugat
423 3508 467 3575 de
478 3509 559 3595 Jesv
576 3509 666 3592 Xpo.
686 3508 723 3575 S.
742 3507 787 3573 N.
805 3527 868 3591 por
884 3506 1057 3592 superior?
1072 3508 1104 3572 Y
1120 3527 1198 3592 assy
1215 3527 1252 3574 es
1268 3505 1375 3573 cierto
1395 3511 1463 3592 que

238 3623 289 3689 los
317 3623 401 3690 tales
428 3627 668 3690 comunmente
688 3623 721 3688 la
746 3619 960 3707 experiencia
981 3632 1131 3689 muestra
1150 3643 1206 3688 ser
1226 3621 1414 3701 soberuiOS,
1440 3643 1462 3706 y

293 3820 304 3861 1
338 3820 366 3873 10
378 3816 523 3890 responde
536 3817 625 3884 Dec„
639 3817 679 3873 R.
695 3833 720 3886 3,
735 3829 797 3886 137,
811 3816 882 3884 296,
893 3817 1054 3882 Br.‚Rec.
1095 3832 1145 3872 -1
1163 3817 1255 3872 oculis
1267 3816 1385 3872 demoni
1398 3817 1463 3890 [sic]

235 3907 312 3978 296.
354 3910 403 3950 —h
422 3915 453 3962 et
469 3906 627 3962 auscultari
647 3907 716 3974 [un
732 3915 763 3962 et
780 3905 900 3960 obedire
923 3919 985 3975 137.
1023 3906 1067 3947 -i
1104 3923 1142 3961 no
1163 3907 1344 3961 merecieron
1366 3907 1407 3962 R.
1434 3923 1462 3976 3,

236 3998 308 4067 296,
323 3999 461 4064 Rec.;no
480 3999 626 4068 mereqian
643 3997 701 4052 Br.
742 3997 785 4048 -J'
804 4013 836 4050 se
854 3995 1019 4051 ofreciesen
1039 3995 1112 4064 296,·
1130 4013 1163 4052 se
1185 3995 1320 4051 ofrezcan
1338 3996 1389 4052 Ul.
1429 4027 1463 4038 -

237 4084 401 4157 krespexit
418 4087 499 4140 Deus
518 4083 648 4149 Ut.,Br.
686 4086 729 4126 -1
749 4093 779 4140 et
796 4083 832 4139 ad
850 4095 912 4153 137,
928 4086 983 4139 Br.
1021 4099 1079 4127 ..m
1097 4084 1160 4139 suis
1173 4101 1231 4139 nrs.
1274 4101 1324 4128 -11
1345 4085 1463 4140 Desunt

234 4173 521 4246 sequentiadverba
531 4174 565 4228 in
576 4186 677 4243 «137».
718 4189 767 4218 -0
787 4173 898 4244 Querta
913 4172 965 4228 Ul.
1006 4189 1056 4227 -1
1075 4172 1163 4244 Quod
1174 4173 1199 4228 si
1209 4174 1274 4246 quis
1284 4173 1349 4229 sine
1362 4175 1466 4230 uolun-

234 4273 302 4319 tate
315 4278 377 4334 137.

244 4363 453 4378 ——-=—-l

295 4417 307 4448 ⁸
344 4416 448 4473 IRao.
461 4413 527 4485 XV,
543 4426 586 4484 19.

295 4508 306 4537 ⁹
343 4506 494 4574 Inro.,22,
508 4501 553 4557 23.

285 4595 309 4626 ¹⁰
346 4593 427 4648 Gau.
442 4593 494 4663 lV,
509 4607 536 4660 4.

285 4688 309 4718 ⁴¹
348 4679 573 4751 Α1111011.ΧΙΙ,
592 4691 615 4732 1.
