<?xml version="1.0" encoding="UTF-8"?>
<!DOCTYPE html PUBLIC "-//W3C//DTD XHTML 1.0 Transitional//EN"
    "http://www.w3.org/TR/xhtml1/DTD/xhtml1-transitional.dtd">
<html xmlns="http://www.w3.org/1999/xhtml" xml:lang="en" lang="en">
 <head>
  <title>
</title>
<meta http-equiv="Content-Type" content="text/html;charset=utf-8" />
  <meta name='ocr-system' content='tesseract 3.04.00' />
  <meta name='ocr-capabilities' content='ocr_page ocr_carea ocr_par ocr_line ocrx_word'/>
</head>
<body>
  <div class='ocr_page' id='page_1' title='image "./monumentaignati04ignagoog_0402.png"; bbox 0 0 3625 5400; ppageno 0'>
   <div class='ocr_carea' id='block_1_1' title="bbox 394 481 1178 555">
    <p class='ocr_par' dir='ltr' id='par_1_1' title="bbox 394 481 1178 555">
     <span class='ocr_line' id='line_1_1' title="bbox 394 481 1178 555; baseline -0.003 -17"><span class='ocrx_word' id='word_1_1' title='bbox 394 481 448 555; x_wconf 84' lang='lat'>394</span> <span class='ocrx_word' id='word_1_2' title='bbox 772 483 980 537; x_wconf 77' lang='lat' dir='ltr'>Monuusnrr</span> <span class='ocrx_word' id='word_1_3' title='bbox 998 481 1178 537; x_wconf 77' lang='lat' dir='ltr'>Iunamnnn</span> 
     </span>
    </p>
   </div>
   <div class='ocr_carea' id='block_1_2' title="bbox 357 633 1587 2813">
    <p class='ocr_par' dir='ltr' id='par_1_2' title="bbox 357 633 1587 1970">
     <span class='ocr_line' id='line_1_2' title="bbox 357 633 1587 723; baseline -0.004 -22"><span class='ocrx_word' id='word_1_4' title='bbox 357 656 434 702; x_wconf 91' lang='lat' dir='ltr'>mus</span> <span class='ocrx_word' id='word_1_5' title='bbox 450 634 651 702; x_wconf 84' lang='lat' dir='ltr'>Tridentum</span> <span class='ocrx_word' id='word_1_6' title='bbox 667 634 864 720; x_wconf 90' lang='lat' dir='ltr'>peruenisse</span> <span class='ocrx_word' id='word_1_7' title='bbox 880 634 1086 722; x_wconf 85' lang='lat' dir='ltr'><strong>Magistrum</strong></span> <span class='ocrx_word' id='word_1_8' title='bbox 1097 634 1265 723; x_wconf 88' lang='lat' dir='ltr'>Jacobum</span> <span class='ocrx_word' id='word_1_9' title='bbox 1284 634 1433 717; x_wconf 89' lang='lat' dir='ltr'>Laynez,</span> <span class='ocrx_word' id='word_1_10' title='bbox 1457 641 1492 700; x_wconf 90' lang='lat' dir='ltr'>et</span> <span class='ocrx_word' id='word_1_11' title='bbox 1508 633 1587 697; x_wconf 45' lang='lat' dir='ltr'>Ma*</span> 
     </span>
     <span class='ocr_line' id='line_1_3' title="bbox 358 747 1586 838; baseline -0.006 -21"><span class='ocrx_word' id='word_1_12' title='bbox 358 751 503 838; x_wconf 87' lang='lat' dir='ltr'>gistrum</span> <span class='ocrx_word' id='word_1_13' title='bbox 521 751 735 836; x_wconf 87' lang='lat' dir='ltr'>Alphonsum</span> <span class='ocrx_word' id='word_1_14' title='bbox 762 750 940 819; x_wconf 89' lang='lat' dir='ltr'>Salmeron</span> <span class='ocrx_word' id='word_1_15' title='bbox 967 749 1094 829; x_wconf 85' lang='lat' dir='ltr'>socios,</span> <span class='ocrx_word' id='word_1_16' title='bbox 1117 760 1152 818; x_wconf 90' lang='lat' dir='ltr'>et</span> <span class='ocrx_word' id='word_1_17' title='bbox 1172 749 1293 816; x_wconf 81' lang='lat' dir='ltr'>fratres</span> <span class='ocrx_word' id='word_1_18' title='bbox 1315 758 1461 814; x_wconf 88' lang='lat' dir='ltr'>nostros.</span> <span class='ocrx_word' id='word_1_19' title='bbox 1484 747 1586 830; x_wconf 84' lang='lat' dir='ltr'>Quos</span> 
     </span>
     <span class='ocr_line' id='line_1_4' title="bbox 359 863 1581 952; baseline -0.007 -19"><span class='ocrx_word' id='word_1_20' title='bbox 359 865 477 952; x_wconf 88' lang='lat' dir='ltr'>opinor</span> <span class='ocrx_word' id='word_1_21' title='bbox 490 863 673 934; x_wconf 84' lang='lat' dir='ltr'>audieratis</span> <span class='ocrx_word' id='word_1_22' title='bbox 685 865 721 932; x_wconf 91' lang='lat' dir='ltr'>in</span> <span class='ocrx_word' id='word_1_23' title='bbox 733 865 915 931; x_wconf 89' lang='lat' dir='ltr'>concilium</span> <span class='ocrx_word' id='word_1_24' title='bbox 926 865 1114 933; x_wconf 86' lang='lat' dir='ltr'>destinatos</span> <span class='ocrx_word' id='word_1_25' title='bbox 1126 876 1295 931; x_wconf 83' lang='lat' dir='ltr'>a&#39;summo</span> <span class='ocrx_word' id='word_1_26' title='bbox 1307 863 1478 949; x_wconf 86' lang='lat' dir='ltr'>pontifice.</span> <span class='ocrx_word' id='word_1_27' title='bbox 1491 863 1581 927; x_wconf 85' lang='lat' dir='ltr'>Fue-</span> 
     </span>
     <span class='ocr_line' id='line_1_5' title="bbox 360 975 1587 1068; baseline -0.004 -19"><span class='ocrx_word' id='word_1_28' title='bbox 360 991 440 1049; x_wconf 93' lang='lat' dir='ltr'>runt</span> <span class='ocrx_word' id='word_1_29' title='bbox 452 980 644 1068; x_wconf 85' lang='lat' dir='ltr'>gratissime</span> <span class='ocrx_word' id='word_1_30' title='bbox 661 993 732 1048; x_wconf 89' lang='lat' dir='ltr'>tum</span> <span class='ocrx_word' id='word_1_31' title='bbox 749 983 792 1047; x_wconf 89' lang='lat' dir='ltr'>ab</span> <span class='ocrx_word' id='word_1_32' title='bbox 809 981 882 1067; x_wconf 89' lang='lat' dir='ltr'>alijs</span> <span class='ocrx_word' id='word_1_33' title='bbox 902 979 1195 1050; x_wconf 90' lang='lat' dir='ltr'>reuerendissimis</span> <span class='ocrx_word' id='word_1_34' title='bbox 1215 979 1341 1066; x_wconf 84' lang='lat' dir='ltr'>legatis</span> <span class='ocrx_word' id='word_1_35' title='bbox 1362 975 1587 1065; x_wconf 83' lang='lat' dir='ltr'>Apostolicae</span> 
     </span>
     <span class='ocr_line' id='line_1_6' title="bbox 359 1093 1585 1184; baseline -0.007 -18"><span class='ocrx_word' id='word_1_36' title='bbox 359 1098 449 1166; x_wconf 89' lang='lat' dir='ltr'>sedis</span> <span class='ocrx_word' id='word_1_37' title='bbox 462 1098 592 1184; x_wconf 88' lang='lat' dir='ltr'>accepti</span> <span class='ocrx_word' id='word_1_38' title='bbox 605 1108 639 1166; x_wconf 91' lang='lat' dir='ltr'>et</span> <span class='ocrx_word' id='word_1_39' title='bbox 655 1095 831 1184; x_wconf 86' lang='lat' dir='ltr'>Episcopis</span> <span class='ocrx_word' id='word_1_40' title='bbox 848 1096 934 1183; x_wconf 88' lang='lat' dir='ltr'>alijs,</span> <span class='ocrx_word' id='word_1_41' title='bbox 952 1107 1025 1163; x_wconf 90' lang='lat' dir='ltr'>tum</span> <span class='ocrx_word' id='word_1_42' title='bbox 1041 1117 1154 1163; x_wconf 87' lang='lat' dir='ltr'>veroa</span> <span class='ocrx_word' id='word_1_43' title='bbox 1171 1094 1457 1164; x_wconf 90' lang='lat' dir='ltr'>reuerendissimo</span> <span class='ocrx_word' id='word_1_44' title='bbox 1468 1093 1585 1180; x_wconf 85' lang='lat' dir='ltr'>legato</span> 
     </span>
     <span class='ocr_line' id='line_1_7' title="bbox 360 1209 1585 1311; baseline -0.005 -31"><span class='ocrx_word' id='word_1_45' title='bbox 360 1213 523 1280; x_wconf 85' lang='lat' dir='ltr'>cardinali</span> <span class='ocrx_word' id='word_1_46' title='bbox 538 1224 676 1280; x_wconf 90' lang='lat' dir='ltr'>sanctae</span> <span class='ocrx_word' id='word_1_47' title='bbox 688 1212 801 1280; x_wconf 91' lang='lat' dir='ltr'>crucis</span> <span class='ocrx_word' id='word_1_48' title='bbox 812 1213 871 1297; x_wconf 91' lang='lat' dir='ltr'>qui</span> <span class='ocrx_word' id='word_1_49' title='bbox 878 1211 983 1280; x_wconf 85' lang='lat' dir='ltr'>iussit</span> <span class='ocrx_word' id='word_1_50' title='bbox 995 1211 1108 1278; x_wconf 91' lang='lat' dir='ltr'>omnia</span> <span class='ocrx_word' id='word_1_51' title='bbox 1121 1210 1186 1278; x_wconf 90' lang='lat' dir='ltr'>illis</span> <span class='ocrx_word' id='word_1_52' title='bbox 1198 1209 1409 1296; x_wconf 88' lang='lat' dir='ltr'>suppeditari</span> <span class='ocrx_word' id='word_1_53' title='bbox 1420 1230 1509 1293; x_wconf 89' lang='lat' dir='ltr'>quae</span> <span class='ocrx_word' id='word_1_54' title='bbox 1521 1209 1585 1311; x_wconf 80' lang='lat' dir='ltr'>de-</span> 
     </span>
     <span class='ocr_line' id='line_1_8' title="bbox 360 1322 1584 1418; baseline -0.007 -22"><span class='ocrx_word' id='word_1_55' title='bbox 360 1329 509 1396; x_wconf 87' lang='lat' dir='ltr'>siderare</span> <span class='ocrx_word' id='word_1_56' title='bbox 524 1338 681 1413; x_wconf 85' lang='lat' dir='ltr'>possunt,</span> <span class='ocrx_word' id='word_1_57' title='bbox 700 1329 743 1394; x_wconf 90' lang='lat' dir='ltr'>ad</span> <span class='ocrx_word' id='word_1_58' title='bbox 756 1327 884 1394; x_wconf 88' lang='lat' dir='ltr'>victum</span> <span class='ocrx_word' id='word_1_59' title='bbox 900 1338 935 1395; x_wconf 92' lang='lat' dir='ltr'>et</span> <span class='ocrx_word' id='word_1_60' title='bbox 951 1327 1027 1405; x_wconf 77' lang='lat' dir='ltr'>alia.</span> <span class='ocrx_word' id='word_1_61' title='bbox 1047 1329 1233 1418; x_wconf 74' lang='lat' dir='ltr'>Speramus</span> <span class='ocrx_word' id='word_1_62' title='bbox 1249 1325 1285 1392; x_wconf 92' lang='lat' dir='ltr'>in</span> <span class='ocrx_word' id='word_1_63' title='bbox 1305 1325 1371 1392; x_wconf 89' lang='lat' dir='ltr'>Dei</span> <span class='ocrx_word' id='word_1_64' title='bbox 1393 1322 1584 1391; x_wconf 87' lang='lat' dir='ltr'>misericor-</span> 
     </span>
     <span class='ocr_line' id='line_1_9' title="bbox 361 1439 1584 1532; baseline -0.006 -21"><span class='ocrx_word' id='word_1_65' title='bbox 361 1445 417 1512; x_wconf 89' lang='lat' dir='ltr'>dia</span> <span class='ocrx_word' id='word_1_66' title='bbox 431 1465 491 1530; x_wconf 90' lang='lat' dir='ltr'>per</span> <span class='ocrx_word' id='word_1_67' title='bbox 507 1443 683 1510; x_wconf 84' lang='lat' dir='ltr'>Christum</span> <span class='ocrx_word' id='word_1_68' title='bbox 693 1445 840 1532; x_wconf 90' lang='lat' dir='ltr'>Jhesum</span> <span class='ocrx_word' id='word_1_69' title='bbox 854 1465 923 1510; x_wconf 91' lang='lat' dir='ltr'>non</span> <span class='ocrx_word' id='word_1_70' title='bbox 934 1443 1069 1511; x_wconf 90' lang='lat' dir='ltr'>inanem</span> <span class='ocrx_word' id='word_1_71' title='bbox 1084 1444 1238 1509; x_wconf 84' lang='lat' dir='ltr'>futurum</span> <span class='ocrx_word' id='word_1_72' title='bbox 1250 1461 1369 1510; x_wconf 88' lang='lat' dir='ltr'>eorum</span> <span class='ocrx_word' id='word_1_73' title='bbox 1381 1439 1584 1506; x_wconf 88' lang='lat' dir='ltr'>aduentum.</span> 
     </span>
     <span class='ocr_line' id='line_1_10' title="bbox 364 1553 1580 1644; baseline -0.007 -17"><span class='ocrx_word' id='word_1_74' title='bbox 364 1557 519 1627; x_wconf 89' lang='lat' dir='ltr'>Misimus</span> <span class='ocrx_word' id='word_1_75' title='bbox 541 1560 603 1626; x_wconf 89' lang='lat' dir='ltr'>has</span> <span class='ocrx_word' id='word_1_76' title='bbox 629 1558 745 1626; x_wconf 85' lang='lat' dir='ltr'>literas</span> <span class='ocrx_word' id='word_1_77' title='bbox 764 1581 826 1644; x_wconf 74' lang='lat' dir='ltr'>per</span> <span class='ocrx_word' id='word_1_78' title='bbox 845 1557 1024 1626; x_wconf 84' lang='lat' dir='ltr'>Danielem</span> <span class='ocrx_word' id='word_1_79' title='bbox 1048 1557 1274 1644; x_wconf 88' lang='lat' dir='ltr'>Paeijbtouch</span> <span class='ocrx_word' id='word_1_80' title='bbox 1295 1557 1317 1589; x_wconf 79' lang='lat'>¹⁸</span> <span class='ocrx_word' id='word_1_81' title='bbox 1339 1555 1509 1621; x_wconf 85' lang='lat' dir='ltr'>flandrurn</span> <span class='ocrx_word' id='word_1_82' title='bbox 1531 1553 1580 1619; x_wconf 93' lang='lat' dir='ltr'>di·</span> 
     </span>
     <span class='ocr_line' id='line_1_11' title="bbox 363 1671 1584 1759; baseline -0.003 -20"><span class='ocrx_word' id='word_1_83' title='bbox 363 1675 488 1741; x_wconf 90' lang='lat' dir='ltr'>lectum</span> <span class='ocrx_word' id='word_1_84' title='bbox 505 1673 604 1740; x_wconf 89' lang='lat' dir='ltr'>nobis</span> <span class='ocrx_word' id='word_1_85' title='bbox 619 1673 655 1739; x_wconf 90' lang='lat' dir='ltr'>in</span> <span class='ocrx_word' id='word_1_86' title='bbox 678 1673 816 1741; x_wconf 89' lang='lat' dir='ltr'>Christo</span> <span class='ocrx_word' id='word_1_87' title='bbox 836 1673 894 1759; x_wconf 93' lang='lat' dir='ltr'>qui</span> <span class='ocrx_word' id='word_1_88' title='bbox 915 1696 958 1740; x_wconf 85' lang='lat' dir='ltr'>ex</span> <span class='ocrx_word' id='word_1_89' title='bbox 979 1672 1173 1741; x_wconf 87' lang='lat' dir='ltr'>obedientia</span> <span class='ocrx_word' id='word_1_90' title='bbox 1193 1681 1310 1738; x_wconf 89' lang='lat' dir='ltr'>nostra</span> <span class='ocrx_word' id='word_1_91' title='bbox 1330 1671 1504 1756; x_wconf 85' lang='lat' dir='ltr'>profectus</span> <span class='ocrx_word' id='word_1_92' title='bbox 1521 1682 1584 1748; x_wconf 85' lang='lat' dir='ltr'>est,</span> 
     </span>
     <span class='ocr_line' id='line_1_12' title="bbox 364 1784 1585 1875; baseline -0.005 -21"><span class='ocrx_word' id='word_1_93' title='bbox 364 1789 458 1856; x_wconf 90' lang='lat' dir='ltr'>illurn</span> <span class='ocrx_word' id='word_1_94' title='bbox 474 1800 512 1854; x_wconf 93' lang='lat' dir='ltr'>vt</span> <span class='ocrx_word' id='word_1_95' title='bbox 529 1790 665 1857; x_wconf 86' lang='lat' dir='ltr'>fratrem</span> <span class='ocrx_word' id='word_1_96' title='bbox 689 1787 858 1875; x_wconf 90' lang='lat' dir='ltr'>recipietis</span> <span class='ocrx_word' id='word_1_97' title='bbox 878 1800 916 1855; x_wconf 91' lang='lat' dir='ltr'>vt</span> <span class='ocrx_word' id='word_1_98' title='bbox 936 1788 1009 1866; x_wconf 86' lang='lat' dir='ltr'>eius</span> <span class='ocrx_word' id='word_1_99' title='bbox 1030 1787 1169 1875; x_wconf 88' lang='lat' dir='ltr'>spiritus</span> <span class='ocrx_word' id='word_1_100' title='bbox 1188 1786 1224 1853; x_wconf 92' lang='lat' dir='ltr'>in</span> <span class='ocrx_word' id='word_1_101' title='bbox 1244 1784 1342 1852; x_wconf 90' lang='lat' dir='ltr'>vobis</span> <span class='ocrx_word' id='word_1_102' title='bbox 1363 1784 1535 1852; x_wconf 87' lang='lat' dir='ltr'>reficiatur</span> <span class='ocrx_word' id='word_1_103' title='bbox 1550 1784 1585 1849; x_wconf 95' lang='lat' dir='ltr'>in</span> 
     </span>
     <span class='ocr_line' id='line_1_13' title="bbox 365 1903 514 1970; baseline 0 0"><span class='ocrx_word' id='word_1_104' title='bbox 365 1903 514 1970; x_wconf 86' lang='lat' dir='ltr'>dominc.</span> 
     </span>
    </p>

    <p class='ocr_par' dir='ltr' id='par_1_3' title="bbox 366 2013 1586 2570">
     <span class='ocr_line' id='line_1_14' title="bbox 432 2013 1586 2110; baseline -0.004 -24"><span class='ocrx_word' id='word_1_105' title='bbox 432 2019 611 2104; x_wconf 87' lang='lat' dir='ltr'>Reliquum</span> <span class='ocrx_word' id='word_1_106' title='bbox 628 2030 681 2088; x_wconf 89' lang='lat' dir='ltr'>est</span> <span class='ocrx_word' id='word_1_107' title='bbox 693 2031 730 2085; x_wconf 90' lang='lat' dir='ltr'>vt</span> <span class='ocrx_word' id='word_1_108' title='bbox 742 2023 867 2100; x_wconf 87' lang='lat' dir='ltr'>Deum,</span> <span class='ocrx_word' id='word_1_109' title='bbox 882 2031 918 2086; x_wconf 91' lang='lat' dir='ltr'>et</span> <span class='ocrx_word' id='word_1_110' title='bbox 928 2032 1060 2107; x_wconf 89' lang='lat' dir='ltr'>patrem</span> <span class='ocrx_word' id='word_1_111' title='bbox 1071 2021 1201 2088; x_wconf 91' lang='lat' dir='ltr'>domini</span> <span class='ocrx_word' id='word_1_112' title='bbox 1213 2013 1323 2088; x_wconf 89' lang='lat' dir='ltr'>nostri</span> <span class='ocrx_word' id='word_1_113' title='bbox 1333 2023 1443 2110; x_wconf 74' lang='lat' dir='ltr'>jhesu</span> <span class='ocrx_word' id='word_1_114' title='bbox 1459 2016 1586 2086; x_wconf 87' lang='lat' dir='ltr'>Christi</span> 
     </span>
     <span class='ocr_line' id='line_1_15' title="bbox 366 2131 1586 2220; baseline -0.003 -19"><span class='ocrx_word' id='word_1_115' title='bbox 366 2156 513 2214; x_wconf 91' lang='lat' dir='ltr'>oremus,</span> <span class='ocrx_word' id='word_1_116' title='bbox 532 2147 635 2220; x_wconf 90' lang='lat' dir='ltr'>atque</span> <span class='ocrx_word' id='word_1_117' title='bbox 651 2135 869 2202; x_wconf 88' lang='lat' dir='ltr'>obsecremus</span> <span class='ocrx_word' id='word_1_118' title='bbox 885 2144 923 2202; x_wconf 86' lang='lat' dir='ltr'>vt</span> <span class='ocrx_word' id='word_1_119' title='bbox 938 2157 1035 2202; x_wconf 88' lang='lat' dir='ltr'>suam</span> <span class='ocrx_word' id='word_1_120' title='bbox 1051 2136 1298 2204; x_wconf 87' lang='lat' dir='ltr'>sanctissimam</span> <span class='ocrx_word' id='word_1_121' title='bbox 1322 2136 1534 2203; x_wconf 88' lang='lat' dir='ltr'>voluntatem</span> <span class='ocrx_word' id='word_1_122' title='bbox 1550 2131 1586 2197; x_wconf 91' lang='lat' dir='ltr'>in</span> 
     </span>
     <span class='ocr_line' id='line_1_16' title="bbox 367 2247 1586 2338; baseline -0.003 -22"><span class='ocrx_word' id='word_1_123' title='bbox 367 2249 526 2316; x_wconf 80' lang='lat' dir='ltr'>cordibus</span> <span class='ocrx_word' id='word_1_124' title='bbox 541 2249 666 2326; x_wconf 85' lang='lat' dir='ltr'>nostris</span> <span class='ocrx_word' id='word_1_125' title='bbox 682 2247 812 2337; x_wconf 84' lang='lat' dir='ltr'>aperire</span> <span class='ocrx_word' id='word_1_126' title='bbox 824 2251 999 2338; x_wconf 86' lang='lat' dir='ltr'>dignetur,</span> <span class='ocrx_word' id='word_1_127' title='bbox 1016 2262 1051 2318; x_wconf 95' lang='lat' dir='ltr'>et</span> <span class='ocrx_word' id='word_1_128' title='bbox 1065 2251 1156 2320; x_wconf 91' lang='lat' dir='ltr'>vires</span> <span class='ocrx_word' id='word_1_129' title='bbox 1170 2263 1325 2338; x_wconf 91' lang='lat' dir='ltr'>preterea</span> <span class='ocrx_word' id='word_1_130' title='bbox 1338 2252 1451 2318; x_wconf 84' lang='lat' dir='ltr'>facere</span> <span class='ocrx_word' id='word_1_131' title='bbox 1462 2260 1499 2314; x_wconf 92' lang='lat' dir='ltr'>vt</span> <span class='ocrx_word' id='word_1_132' title='bbox 1511 2269 1586 2316; x_wconf 87' lang='lat' dir='ltr'>eam</span> 
     </span>
     <span class='ocr_line' id='line_1_17' title="bbox 367 2363 1585 2456; baseline -0.002 -27"><span class='ocrx_word' id='word_1_133' title='bbox 367 2365 577 2453; x_wconf 89' lang='lat' dir='ltr'>impleamus.</span> <span class='ocrx_word' id='word_1_134' title='bbox 603 2365 724 2434; x_wconf 89' lang='lat' dir='ltr'>Gratia</span> <span class='ocrx_word' id='word_1_135' title='bbox 750 2365 878 2432; x_wconf 91' lang='lat' dir='ltr'>domini</span> <span class='ocrx_word' id='word_1_136' title='bbox 905 2365 1012 2433; x_wconf 89' lang='lat' dir='ltr'>nostri</span> <span class='ocrx_word' id='word_1_137' title='bbox 1028 2369 1139 2456; x_wconf 89' lang='lat' dir='ltr'>Jhesu</span> <span class='ocrx_word' id='word_1_138' title='bbox 1166 2365 1293 2434; x_wconf 92' lang='lat' dir='ltr'>Christi</span> <span class='ocrx_word' id='word_1_139' title='bbox 1322 2365 1365 2432; x_wconf 90' lang='lat' dir='ltr'>sit</span> <span class='ocrx_word' id='word_1_140' title='bbox 1393 2363 1585 2432; x_wconf 89' lang='lat' dir='ltr'>uobiscum.</span> 
     </span>
     <span class='ocr_line' id='line_1_18' title="bbox 369 2481 1036 2570; baseline 0 -22"><span class='ocrx_word' id='word_1_141' title='bbox 369 2482 492 2549; x_wconf 86' lang='lat' dir='ltr'>Amen.</span> <span class='ocrx_word' id='word_1_142' title='bbox 512 2483 677 2564; x_wconf 90' lang='lat' dir='ltr'>Romae4</span> <span class='ocrx_word' id='word_1_143' title='bbox 698 2481 919 2570; x_wconf 90' lang='lat' dir='ltr'>NonasJunij</span> <span class='ocrx_word' id='word_1_144' title='bbox 941 2484 1036 2566; x_wconf 85' lang='lat'>1546.</span> 
     </span>
    </p>

    <p class='ocr_par' dir='ltr' id='par_1_4' title="bbox 431 2592 1393 2684">
     <span class='ocr_line' id='line_1_19' title="bbox 431 2592 1393 2684; baseline 0 -22"><span class='ocrx_word' id='word_1_145' title='bbox 431 2598 483 2662; x_wconf 85' lang='lat' dir='ltr'>Ex</span> <span class='ocrx_word' id='word_1_146' title='bbox 499 2595 739 2662; x_wconf 86' lang='lat' dir='ltr'>commissione</span> <span class='ocrx_word' id='word_1_147' title='bbox 756 2596 948 2672; x_wconf 84' lang='lat' dir='ltr'>Reuerendi</span> <span class='ocrx_word' id='word_1_148' title='bbox 965 2597 1071 2684; x_wconf 91' lang='lat' dir='ltr'>patris</span> <span class='ocrx_word' id='word_1_149' title='bbox 1087 2596 1242 2684; x_wconf 85' lang='lat' dir='ltr'>Magistri</span> <span class='ocrx_word' id='word_1_150' title='bbox 1259 2592 1393 2684; x_wconf 86' lang='lat' dir='ltr'>ignatij.</span> 
     </span>
    </p>

    <p class='ocr_par' dir='ltr' id='par_1_5' title="bbox 432 2710 1458 2813">
     <span class='ocr_line' id='line_1_20' title="bbox 432 2710 1458 2813; baseline -0.001 -35"><span class='ocrx_word' id='word_1_151' title='bbox 432 2712 663 2797; x_wconf 91' lang='lat' dir='ltr'>Hieronymus</span> <span class='ocrx_word' id='word_1_152' title='bbox 679 2710 810 2779; x_wconf 88' lang='lat' dir='ltr'>Natalis</span> <span class='ocrx_word' id='word_1_153' title='bbox 826 2712 977 2813; x_wconf 85' lang='lat' dir='ltr'>nouitius</span> <span class='ocrx_word' id='word_1_154' title='bbox 992 2712 1156 2799; x_wconf 86' lang='lat' dir='ltr'>indignus</span> <span class='ocrx_word' id='word_1_155' title='bbox 1168 2712 1351 2783; x_wconf 77' lang='lat' dir='ltr'>societatis</span> <span class='ocrx_word' id='word_1_156' title='bbox 1361 2715 1458 2802; x_wconf 90' lang='lat' dir='ltr'>Jesu.</span> 
     </span>
    </p>
   </div>
   <div class='ocr_carea' id='block_1_3' title="bbox 644 2877 1313 3085">
    <p class='ocr_par' dir='ltr' id='par_1_6' title="bbox 644 2877 1313 3085">
     <span class='ocr_line' id='line_1_21' title="bbox 920 2877 1013 2956; baseline 0.032 -3"><span class='ocrx_word' id='word_1_157' title='bbox 920 2898 924 2909; x_wconf 88' lang='lat'>·</span> <span class='ocrx_word' id='word_1_158' title='bbox 948 2877 1013 2956; x_wconf 78' lang='lat'>125</span> 
     </span>
     <span class='ocr_line' id='line_1_22' title="bbox 644 3015 1313 3085; baseline 0.001 -3"><span class='ocrx_word' id='word_1_159' title='bbox 644 3015 784 3082; x_wconf 86' lang='lat' dir='ltr'><strong>PATRI</strong></span> <span class='ocrx_word' id='word_1_160' title='bbox 809 3016 1068 3083; x_wconf 89' lang='lat' dir='ltr'><strong>LEONARDO</strong></span> <span class='ocrx_word' id='word_1_161' title='bbox 1092 3016 1313 3085; x_wconf 89' lang='lat' dir='ltr'>KESSELIO</span> 
     </span>
    </p>
   </div>
   <div class='ocr_carea' id='block_1_4' title="bbox 804 3148 1153 3218">
    <p class='ocr_par' dir='ltr' id='par_1_7' title="bbox 804 3148 1153 3218">
     <span class='ocr_line' id='line_1_23' title="bbox 804 3148 1153 3218; baseline 0.003 -15"><span class='ocrx_word' id='word_1_162' title='bbox 804 3161 892 3204; x_wconf 75' lang='lat' dir='ltr'>noun</span> <span class='ocrx_word' id='word_1_163' title='bbox 909 3148 928 3203; x_wconf 86' lang='lat'><strong>6</strong></span> <span class='ocrx_word' id='word_1_164' title='bbox 945 3162 1025 3216; x_wconf 82' lang='lat' dir='ltr'>Junu</span> <span class='ocrx_word' id='word_1_165' title='bbox 1046 3150 1113 3218; x_wconf 85' lang='lat'>1546</span> <span class='ocrx_word' id='word_1_166' title='bbox 1134 3154 1153 3205; x_wconf 88' lang='lat'>¹.</span> 
     </span>
    </p>
   </div>
   <div class='ocr_carea' id='block_1_5' title="bbox 368 3264 1595 3513">
    <p class='ocr_par' dir='ltr' id='par_1_8' title="bbox 368 3264 1595 3513">
     <span class='ocr_line' id='line_1_24' title="bbox 368 3264 1595 3338; baseline 0 -19"><span class='ocrx_word' id='word_1_167' title='bbox 368 3265 493 3320; x_wconf 76' lang='lat' dir='ltr'>Priores</span> <span class='ocrx_word' id='word_1_168' title='bbox 505 3282 524 3318; x_wconf 87' lang='lat' dir='ltr'><em>a</em></span> <span class='ocrx_word' id='word_1_169' title='bbox 537 3281 567 3319; x_wconf 89' lang='lat' dir='ltr'>se</span> <span class='ocrx_word' id='word_1_170' title='bbox 573 3264 742 3337; x_wconf 81' lang='lat' dir='ltr'>facultates</span> <span class='ocrx_word' id='word_1_171' title='bbox 751 3282 817 3320; x_wconf 83' lang='lat' dir='ltr'>cum</span> <span class='ocrx_word' id='word_1_172' title='bbox 828 3265 917 3320; x_wconf 87' lang='lat' dir='ltr'>sociis</span> <span class='ocrx_word' id='word_1_173' title='bbox 926 3265 1143 3320; x_wconf 75' lang='lat' dir='ltr'>coloniensibus</span> <span class='ocrx_word' id='word_1_174' title='bbox 1152 3265 1388 3321; x_wconf 79' lang='lat' dir='ltr'>communicatas</span> <span class='ocrx_word' id='word_1_175' title='bbox 1398 3264 1540 3338; x_wconf 76' lang='lat' dir='ltr'>ignatius</span> <span class='ocrx_word' id='word_1_176' title='bbox 1548 3281 1595 3319; x_wconf 86' lang='lat' dir='ltr'>re·</span> 
     </span>
     <span class='ocr_line' id='line_1_25' title="bbox 420 3352 1595 3425; baseline 0 -18"><span class='ocrx_word' id='word_1_177' title='bbox 420 3353 626 3421; x_wconf 83' lang='lat' dir='ltr'>vocat.-Quo</span> <span class='ocrx_word' id='word_1_178' title='bbox 639 3354 758 3408; x_wconf 83' lang='lat' dir='ltr'>ratione</span> <span class='ocrx_word' id='word_1_179' title='bbox 771 3352 908 3425; x_wconf 80' lang='lat' dir='ltr'>deinceps</span> <span class='ocrx_word' id='word_1_180' title='bbox 921 3354 953 3407; x_wconf 85' lang='lat' dir='ltr'>in</span> <span class='ocrx_word' id='word_1_181' title='bbox 967 3354 1023 3407; x_wconf 80' lang='lat' dir='ltr'>hac</span> <span class='ocrx_word' id='word_1_182' title='bbox 1035 3370 1068 3408; x_wconf 85' lang='lat' dir='ltr'>re</span> <span class='ocrx_word' id='word_1_183' title='bbox 1077 3355 1300 3425; x_wconf 81' lang='lat' dir='ltr'>procedendum</span> <span class='ocrx_word' id='word_1_184' title='bbox 1312 3355 1363 3418; x_wconf 83' lang='lat' dir='ltr'>sit,</span> <span class='ocrx_word' id='word_1_185' title='bbox 1377 3352 1595 3422; x_wconf 68' lang='lat' dir='ltr'>docet—Quas</span> 
     </span>
     <span class='ocr_line' id='line_1_26' title="bbox 420 3436 1487 3513; baseline 0.001 -18"><span class='ocrx_word' id='word_1_186' title='bbox 420 3441 538 3496; x_wconf 81' lang='lat' dir='ltr'>Paulus</span> <span class='ocrx_word' id='word_1_187' title='bbox 552 3436 604 3495; x_wconf 81' lang='lat' dir='ltr'>m</span> <span class='ocrx_word' id='word_1_188' title='bbox 606 3440 773 3513; x_wconf 83' lang='lat' dir='ltr'>facultates</span> <span class='ocrx_word' id='word_1_189' title='bbox 788 3440 930 3497; x_wconf 76' lang='lat' dir='ltr'>societati</span> <span class='ocrx_word' id='word_1_190' title='bbox 941 3442 1093 3507; x_wconf 81' lang='lat' dir='ltr'>tribuerit,</span> <span class='ocrx_word' id='word_1_191' title='bbox 1107 3460 1158 3498; x_wconf 86' lang='lat' dir='ltr'>eas</span> <span class='ocrx_word' id='word_1_192' title='bbox 1174 3442 1305 3498; x_wconf 83' lang='lat' dir='ltr'>breviter</span> <span class='ocrx_word' id='word_1_193' title='bbox 1318 3447 1487 3499; x_wconf 83' lang='lat' dir='ltr'>enumerat.</span> 
     </span>
    </p>
   </div>
   <div class='ocr_carea' id='block_1_6' title="bbox 922 3567 1036 3709">
    <p class='ocr_par' dir='ltr' id='par_1_9' title="bbox 922 3567 1036 3709">
     <span class='ocr_line' id='line_1_27' title="bbox 922 3567 1036 3709; baseline -0.018 -20"><span class='ocrx_word' id='word_1_194' title='bbox 922 3567 1036 3709; x_wconf 58' lang='lat' dir='ltr'>Jeius.</span> 
     </span>
    </p>
   </div>
   <div class='ocr_carea' id='block_1_7' title="bbox 369 3750 1595 4073">
    <p class='ocr_par' dir='ltr' id='par_1_10' title="bbox 369 3750 1595 4073">
     <span class='ocr_line' id='line_1_28' title="bbox 435 3750 1594 3844; baseline -0.001 -23"><span class='ocrx_word' id='word_1_195' title='bbox 435 3752 556 3821; x_wconf 87' lang='lat' dir='ltr'>Gratia</span> <span class='ocrx_word' id='word_1_196' title='bbox 568 3752 696 3819; x_wconf 92' lang='lat' dir='ltr'>domini</span> <span class='ocrx_word' id='word_1_197' title='bbox 707 3754 904 3844; x_wconf 91' lang='lat' dir='ltr'>nostriJesu</span> <span class='ocrx_word' id='word_1_198' title='bbox 918 3754 1048 3822; x_wconf 90' lang='lat' dir='ltr'>Christi</span> <span class='ocrx_word' id='word_1_199' title='bbox 1062 3754 1106 3821; x_wconf 89' lang='lat' dir='ltr'>sit</span> <span class='ocrx_word' id='word_1_200' title='bbox 1116 3776 1249 3841; x_wconf 87' lang='lat' dir='ltr'>semper</span> <span class='ocrx_word' id='word_1_201' title='bbox 1262 3750 1451 3822; x_wconf 85' lang='lat' dir='ltr'>nobiscum.</span> <span class='ocrx_word' id='word_1_202' title='bbox 1467 3756 1594 3822; x_wconf 86' lang='lat' dir='ltr'>Amen.</span> 
     </span>
     <span class='ocr_line' id='line_1_29' title="bbox 437 3868 1595 3955; baseline 0.002 -22"><span class='ocrx_word' id='word_1_203' title='bbox 437 3870 487 3934; x_wconf 86' lang='lat' dir='ltr'>Ex</span> <span class='ocrx_word' id='word_1_204' title='bbox 509 3868 747 3937; x_wconf 90' lang='lat' dir='ltr'>commissione</span> <span class='ocrx_word' id='word_1_205' title='bbox 767 3879 884 3937; x_wconf 91' lang='lat' dir='ltr'>nostra</span> <span class='ocrx_word' id='word_1_206' title='bbox 904 3870 1039 3955; x_wconf 88' lang='lat' dir='ltr'>scripsit</span> <span class='ocrx_word' id='word_1_207' title='bbox 1059 3870 1158 3937; x_wconf 93' lang='lat' dir='ltr'>vobis</span> <span class='ocrx_word' id='word_1_208' title='bbox 1178 3871 1221 3937; x_wconf 92' lang='lat' dir='ltr'>de</span> <span class='ocrx_word' id='word_1_209' title='bbox 1242 3869 1318 3935; x_wconf 90' lang='lat' dir='ltr'>aliis</span> <span class='ocrx_word' id='word_1_210' title='bbox 1338 3872 1442 3938; x_wconf 88' lang='lat' dir='ltr'>rebus</span> <span class='ocrx_word' id='word_1_211' title='bbox 1466 3870 1595 3939; x_wconf 91' lang='lat' dir='ltr'>leroni-</span> 
     </span>
     <span class='ocr_line' id='line_1_30' title="bbox 369 3984 1593 4073; baseline 0.001 -22"><span class='ocrx_word' id='word_1_212' title='bbox 369 4006 446 4051; x_wconf 92' lang='lat' dir='ltr'>mus</span> <span class='ocrx_word' id='word_1_213' title='bbox 463 3984 597 4052; x_wconf 85' lang='lat' dir='ltr'>Natalis</span> <span class='ocrx_word' id='word_1_214' title='bbox 614 3994 730 4052; x_wconf 90' lang='lat' dir='ltr'>noster</span> <span class='ocrx_word' id='word_1_215' title='bbox 745 3985 770 4051; x_wconf 70' lang='lat'>³.</span> <span class='ocrx_word' id='word_1_216' title='bbox 789 3986 868 4052; x_wconf 89' lang='lat' dir='ltr'>Hoc</span> <span class='ocrx_word' id='word_1_217' title='bbox 886 3995 1001 4054; x_wconf 89' lang='lat' dir='ltr'>tamen</span> <span class='ocrx_word' id='word_1_218' title='bbox 1016 3996 1192 4071; x_wconf 85' lang='lat' dir='ltr'>praeterea</span> <span class='ocrx_word' id='word_1_219' title='bbox 1206 3985 1300 4052; x_wconf 90' lang='lat' dir='ltr'>volui</span> <span class='ocrx_word' id='word_1_220' title='bbox 1316 4006 1377 4053; x_wconf 92' lang='lat' dir='ltr'>vos</span> <span class='ocrx_word' id='word_1_221' title='bbox 1390 3985 1593 4073; x_wconf 86' lang='lat' dir='ltr'>intelligere:</span> 
     </span>
    </p>
   </div>
   <div class='ocr_carea' id='block_1_8' title="bbox 369 4162 1596 4507">
    <p class='ocr_par' dir='ltr' id='par_1_11' title="bbox 369 4162 1596 4323">
     <span class='ocr_line' id='line_1_31' title="bbox 406 4162 1595 4236; baseline 0.004 -21"><span class='ocrx_word' id='word_1_222' title='bbox 406 4164 427 4197; x_wconf 75' lang='lat'>¹⁸</span> <span class='ocrx_word' id='word_1_223' title='bbox 464 4164 587 4219; x_wconf 81' lang='lat' dir='ltr'>«Daniel</span> <span class='ocrx_word' id='word_1_224' title='bbox 602 4164 804 4236; x_wconf 83' lang='lat' dir='ltr'>Paeybroeck,</span> <span class='ocrx_word' id='word_1_225' title='bbox 818 4167 855 4218; x_wconf 76' lang='lat' dir='ltr'>ne</span> <span class='ocrx_word' id='word_1_226' title='bbox 869 4163 885 4217; x_wconf 76' lang='lat' dir='ltr'>a</span> <span class='ocrx_word' id='word_1_227' title='bbox 898 4162 1064 4219; x_wconf 85' lang='lat' dir='ltr'>Termonde</span> <span class='ocrx_word' id='word_1_228' title='bbox 1078 4183 1146 4221; x_wconf 90' lang='lat' dir='ltr'>vers</span> <span class='ocrx_word' id='word_1_229' title='bbox 1156 4167 1177 4223; x_wconf 88' lang='lat' dir='ltr'>l&#39;</span> <span class='ocrx_word' id='word_1_230' title='bbox 1188 4184 1225 4222; x_wconf 88' lang='lat' dir='ltr'>an</span> <span class='ocrx_word' id='word_1_231' title='bbox 1238 4166 1316 4236; x_wconf 82' lang='lat'>1518,</span> <span class='ocrx_word' id='word_1_232' title='bbox 1328 4166 1448 4222; x_wconf 73' lang='lat' dir='ltr'>admisi</span> <span class='ocrx_word' id='word_1_233' title='bbox 1463 4165 1595 4221; x_wconf 81' lang='lat' dir='ltr'>Louvain</span> 
     </span>
     <span class='ocr_line' id='line_1_32' title="bbox 369 4250 1596 4323; baseline 0.002 -18"><span class='ocrx_word' id='word_1_234' title='bbox 369 4268 406 4305; x_wconf 91' lang='lat' dir='ltr'>en</span> <span class='ocrx_word' id='word_1_235' title='bbox 422 4250 500 4323; x_wconf 84' lang='lat'>1543,</span> <span class='ocrx_word' id='word_1_236' title='bbox 517 4261 593 4306; x_wconf 91' lang='lat' dir='ltr'>mort</span> <span class='ocrx_word' id='word_1_237' title='bbox 606 4252 622 4307; x_wconf 75' lang='lat' dir='ltr'>a</span> <span class='ocrx_word' id='word_1_238' title='bbox 635 4253 780 4323; x_wconf 84' lang='lat' dir='ltr'>Palerme,</span> <span class='ocrx_word' id='word_1_239' title='bbox 794 4254 821 4308; x_wconf 90' lang='lat' dir='ltr'>le</span> <span class='ocrx_word' id='word_1_240' title='bbox 840 4265 873 4322; x_wconf 84' lang='lat'>25</span> <span class='ocrx_word' id='word_1_241' title='bbox 891 4252 1049 4309; x_wconf 73' lang='lat' dir='ltr'>decembre</span> <span class='ocrx_word' id='word_1_242' title='bbox 1070 4253 1148 4323; x_wconf 81' lang='lat'>15583</span> <span class='ocrx_word' id='word_1_243' title='bbox 1162 4255 1183 4311; x_wconf 92' lang='lat' dir='ltr'>il</span> <span class='ocrx_word' id='word_1_244' title='bbox 1205 4254 1251 4310; x_wconf 80' lang='lat' dir='ltr'>lut</span> <span class='ocrx_word' id='word_1_245' title='bbox 1269 4255 1434 4313; x_wconf 82' lang='lat' dir='ltr'>recteurde</span> <span class='ocrx_word' id='word_1_246' title='bbox 1447 4254 1596 4311; x_wconf 80' lang='lat' dir='ltr'>Monreele</span> 
     </span>
    </p>

    <p class='ocr_par' dir='ltr' id='par_1_12' title="bbox 371 4339 1596 4507">
     <span class='ocr_line' id='line_1_33' title="bbox 371 4339 850 4413; baseline 0.013 -20"><span class='ocrx_word' id='word_1_247' title='bbox 371 4339 513 4408; x_wconf 70' lang='lat' dir='ltr'>(Sicilepr.</span> <span class='ocrx_word' id='word_1_248' title='bbox 529 4342 713 4413; x_wconf 71' lang='lat' dir='ltr'>DELPans,</span> <span class='ocrx_word' id='word_1_249' title='bbox 726 4343 782 4398; x_wconf 90' lang='lat' dir='ltr'>loc.</span> <span class='ocrx_word' id='word_1_250' title='bbox 797 4343 850 4399; x_wconf 86' lang='lat' dir='ltr'>cit.</span> 
     </span>
     <span class='ocr_line' id='line_1_34' title="bbox 426 4428 1596 4507; baseline 0.005 -24"><span class='ocrx_word' id='word_1_251' title='bbox 426 4428 432 4460; x_wconf 87' lang='lat'><strong>¹</strong></span> <span class='ocrx_word' id='word_1_252' title='bbox 471 4430 516 4483; x_wconf 82' lang='lat' dir='ltr'>Ex</span> <span class='ocrx_word' id='word_1_253' title='bbox 528 4432 652 4500; x_wconf 78' lang='lat' dir='ltr'>archet,</span> <span class='ocrx_word' id='word_1_254' title='bbox 666 4430 744 4503; x_wconf 92' lang='lat' dir='ltr'>quod</span> <span class='ocrx_word' id='word_1_255' title='bbox 758 4432 858 4503; x_wconf 84' lang='lat' dir='ltr'>paucis</span> <span class='ocrx_word' id='word_1_256' title='bbox 870 4432 977 4489; x_wconf 88' lang='lat' dir='ltr'>abhinc</span> <span class='ocrx_word' id='word_1_257' title='bbox 990 4433 1074 4488; x_wconf 89' lang='lat' dir='ltr'>annis</span> <span class='ocrx_word' id='word_1_258' title='bbox 1087 4436 1260 4490; x_wconf 83' lang='lat' dir='ltr'>servabatur</span> <span class='ocrx_word' id='word_1_259' title='bbox 1280 4434 1310 4490; x_wconf 90' lang='lat' dir='ltr'>in</span> <span class='ocrx_word' id='word_1_260' title='bbox 1327 4434 1453 4505; x_wconf 86' lang='lat' dir='ltr'>collegio</span> <span class='ocrx_word' id='word_1_261' title='bbox 1470 4430 1596 4507; x_wconf 79' lang='lat' dir='ltr'>quodem</span> 
     </span>
    </p>
   </div>
   <div class='ocr_carea' id='block_1_9' title="bbox 371 4516 1597 4671">
    <p class='ocr_par' dir='ltr' id='par_1_13' title="bbox 371 4516 1597 4671">
     <span class='ocr_line' id='line_1_35' title="bbox 371 4516 1597 4661; baseline 0.005 -90"><span class='ocrx_word' id='word_1_262' title='bbox 371 4516 731 4661; x_wconf 58' lang='lat' dir='ltr'>provinlciapoGermaniae</span> <span class='ocrx_word' id='word_1_263' title='bbox 743 4520 775 4577; x_wconf 91' lang='lat' dir='ltr'>S.</span> <span class='ocrx_word' id='word_1_264' title='bbox 794 4522 823 4592; x_wconf 91' lang='lat' dir='ltr'>J.</span> <span class='ocrx_word' id='word_1_265' title='bbox 842 4522 1017 4594; x_wconf 83' lang='lat' dir='ltr'>Exemplum</span> <span class='ocrx_word' id='word_1_266' title='bbox 1033 4523 1136 4578; x_wconf 86' lang='lat' dir='ltr'>barum</span> <span class='ocrx_word' id='word_1_267' title='bbox 1157 4523 1321 4579; x_wconf 88' lang='lat' dir='ltr'>litterarum</span> <span class='ocrx_word' id='word_1_268' title='bbox 1343 4524 1434 4580; x_wconf 82' lang='lat' dir='ltr'>habet</span> <span class='ocrx_word' id='word_1_269' title='bbox 1454 4523 1519 4578; x_wconf 83' lang='lat' dir='ltr'>cod.</span> <span class='ocrx_word' id='word_1_270' title='bbox 1543 4520 1597 4577; x_wconf 79' lang='lat' dir='ltr'>Ce-</span> 
     </span>
     <span class='ocr_line' id='line_1_36' title="bbox 385 4608 618 4671; baseline 0.03 -14"><span class='ocrx_word' id='word_1_271' title='bbox 385 4624 433 4661; x_wconf 85' lang='lat' dir='ltr'>on.</span> <span class='ocrx_word' id='word_1_272' title='bbox 450 4608 466 4659; x_wconf 92' lang='lat' dir='ltr'><em>I</em></span> <span class='ocrx_word' id='word_1_273' title='bbox 481 4608 507 4671; x_wconf 87' lang='lat' dir='ltr'>I,</span> <span class='ocrx_word' id='word_1_274' title='bbox 553 4610 571 4663; x_wconf 93' lang='lat' dir='ltr'>l.</span> <span class='ocrx_word' id='word_1_275' title='bbox 591 4608 618 4665; x_wconf 89' lang='lat'>8.</span> 
     </span>
    </p>
   </div>
   <div class='ocr_carea' id='block_1_10' title="bbox 424 4695 852 4771">
    <p class='ocr_par' dir='ltr' id='par_1_14' title="bbox 424 4695 852 4771">
     <span class='ocr_line' id='line_1_37' title="bbox 424 4695 852 4771; baseline 0.014 -23"><span class='ocrx_word' id='word_1_276' title='bbox 424 4698 435 4729; x_wconf 63' lang='lat'><em>³</em></span> <span class='ocrx_word' id='word_1_277' title='bbox 474 4695 549 4750; x_wconf 89' lang='lat' dir='ltr'>Vide</span> <span class='ocrx_word' id='word_1_278' title='bbox 562 4698 649 4769; x_wconf 87' lang='lat' dir='ltr'>epist.</span> <span class='ocrx_word' id='word_1_279' title='bbox 663 4698 852 4771; x_wconf 87' lang='lat' dir='ltr'>superiorem.</span> 
     </span>
    </p>
   </div>
   <div class='ocr_carea' id='block_1_11' title="bbox 0 0 1849 5400">
    <p class='ocr_par' dir='ltr' id='par_1_15' title="bbox 0 0 1849 5400">
     <span class='ocr_line' id='line_1_38' title="bbox 0 0 1849 5400; baseline 0 0"><span class='ocrx_word' id='word_1_280' title='bbox 0 0 1849 5400; x_wconf 95' lang='lat' dir='ltr'> </span> 
     </span>
    </p>
   </div>
  </div>
 </body>
</html>
