3625 5400
407 463 472 521 '574
794 448 1002 503 Mouuuuuru
1021 447 1198 504 Iouerum

294 644 299 654 ·
381 603 485 689 quelli
501 601 745 688 specialmente
760 602 797 666 fu
813 600 975 667 mandato
987 601 1070 687 Jesu
1083 599 1171 684 Xpo.
1191 597 1226 664 in
1243 607 1344 678 terra,
1357 605 1496 683 propter
1507 595 1604 663 mise·

382 719 467 785 riam
484 716 624 803 inopum
639 727 674 782 et
690 714 856 802 gemitum
876 735 1065 800 pauperum
1082 734 1174 780 nunc
1189 689 1366 800 exurgam,
1388 711 1473 778 dicit
1489 710 1606 778 Domi·

382 855 449 899 nus
464 836 491 916 8;
510 842 546 900 et
561 831 596 898 in
612 832 699 899 altro
714 832 860 916 luogh0,
878 829 1117 916 euangelizare
1133 827 1339 915 pauperibus
1354 827 1447 894 misit
1467 850 1522 896 me
1537 829 1563 892 ⁹.
1581 827 1606 892 Il

383 951 450 1015 che
473 947 607 1014 rioorda
623 949 707 1035 Jesu
727 945 804 1027 X.⁰,
828 945 974 1012 tacendo
995 944 1193 1030 rispondere
1213 966 1233 1010 a
1253 955 1354 1010 santo
1375 942 1558 1011 Giouanne
1579 954 1605 1008 ⁰:

384 1067 558 1150 Pauperes
573 1061 856 1148 euangelizantur
874 1063 912 1142 ¹⁰3
930 1071 965 1126 et
981 1071 1077 1126 tanto
1092 1059 1243 1146 preteriti
1258 1059 1315 1127 alli
1327 1058 1425 1142 richi,
1441 1059 1508 1126 che
1520 1068 1607 1124 tutto

383 1180 464 1265 quel
484 1177 700 1245 sanctissimo
720 1175 866 1262 collegio
885 1175 920 1241 di
942 1175 1086 1262 apostoli
1110 1175 1205 1242 volse
1220 1177 1304 1262 Jhu.
1328 1174 1394 1242 X.⁰
1414 1175 1551 1260 elegere
1574 1173 1607 1238 di

382 1293 514 1382 poueri,
533 1303 568 1361 et
583 1293 701 1360 viuere
716 1304 751 1360 et
766 1313 971 1360 conuersare
988 1313 1053 1358 con
1069 1291 1186 1377 quelli,
1204 1302 1238 1358 et
1254 1291 1359 1378 quelli
1374 1290 1496 1358 lasciar
1515 1288 1607 1376 prin-

384 1409 451 1495 cipi
470 1409 560 1476 della
580 1408 695 1474 chiesa
716 1429 790 1490 sua,
812 1407 917 1493 quelli
936 1406 1137 1474 constituite
1157 1406 1286 1493 giudici
1307 1426 1410 1492 super
1428 1404 1608 1473 duodecim

384 1525 494 1591 tribus
509 1525 612 1591 lsrael
631 1525 667 1604 ¹¹,
686 1523 759 1590 cine
775 1521 810 1588 di
826 1521 907 1588 tutti
923 1521 1052 1590 infideli
1068 1535 1094 1604 Ρ,
1112 1522 1170 1590 alli
1181 1523 1273 1607 quali
1285 1543 1431 1589 saranno
1447 1520 1608 1589 assessori

320 1623 330 1642 ⁰
383 1662 404 1707 e
420 1638 551 1727 poueri.
571 1642 683 1706 Tanto
698 1640 716 1704 c
733 1639 894 1704 essaltato
908 1636 931 1702 il
952 1648 1043 1705 stato
1057 1639 1141 1704 lor0.

450 1754 642 1822 L’amicitia
668 1755 703 1820 di
729 1754 848 1840 poueri
869 1755 903 1819 fa
924 1774 1037 1822 essere
1064 1753 1163 1834 amici
1185 1754 1231 1820 dil
1259 1775 1295 1820 re
1318 1762 1448 1820 eterno.
1472 1753 1608 1819 L'amor

384 1875 498 1940 d'essa
515 1870 659 1956 pouertai
676 1870 710 1936 fa
725 1869 811 1956 regi,
829 1867 932 1934 etiam
948 1869 983 1934 in
1000 1880 1101 1952 terra,
1116 1891 1136 1936 e
1151 1869 1237 1956 regi,
1252 1891 1320 1935 non
1336 1869 1425 1935 della
1438 1879 1540 1948 terra,
1554 1889 1608 1934 ma

383 1989 442 2054 del
457 1987 556 2054 cielo.
574 1987 604 2052 ll
619 1989 685 2053 che
708 1985 736 2051 si
756 1986 845 2053 vede
864 1986 1002 2070 perche,
1025 1986 1169 2055 essendo
1191 2006 1367 2072 promesso
1381 1984 1405 2050 il
1425 2005 1534 2070 regno
1555 1983 1608 2050 del

386 2102 474 2170 cielo
488 2102 531 2168 de
548 2102 665 2167 futuro
680 2099 749 2186 agli
765 2099 854 2180 altri,
873 2122 893 2165 a
908 2123 929 2168 e
944 2099 1062 2186 poueri
1078 2122 1098 2166 e
1113 2111 1128 2150 ‘¹
1144 2099 1247 2187 quelli
1270 2102 1334 2168 che
1353 2098 1531 2186 patiscono
1549 2098 1609 2164 tri-

386 2216 552 2284 bulationi
568 2218 588 2283 e
603 2217 647 2284 de
662 2225 820 2301 presente
836 2236 1010 2301 promesso
1024 2216 1113 2283 della
1124 2215 1232 2282 verita
1244 2213 1428 2294 immobile,
1443 2217 1507 2282 che
1517 2213 1606 2280 dice:

387 2332 485 2400 Beati
501 2353 668 2418 pauperes
683 2329 819 2417 spiritu,
833 2329 993 2416 quoniam
1010 2329 1160 2418 ipsorum
1176 2340 1229 2399 est
1244 2350 1390 2416 regnum
1403 2331 1555 2398 celorum
1571 2329 1605 2410 ¹²;

384 2447 467 2532 quia
477 2447 548 2533 jam
566 2467 660 2512 nunc
671 2447 730 2531 jus
746 2447 875 2514 habent
890 2445 1001 2533 regni.

452 2565 496 2628 Et
520 2584 565 2628 no
592 2562 665 2628 solo
685 2583 771 2627 sono
789 2583 839 2639 re,
860 2581 916 2626 ma
938 2562 1042 2628 fanno
1070 2559 1118 2647 gli
1142 2560 1217 2627 altri
1235 2559 1389 2646 participi
1410 2560 1466 2628 del
1486 2580 1606 2645 regno,

382 2698 483 2744 como
499 2677 533 2743 in
550 2687 649 2744 santo
666 2675 825 2744 Luchaci
836 2674 980 2762 insegna
993 2677 1098 2762 Xp0.,
1112 2675 1269 2744 dicendo:
1284 2675 1400 2743 Facite
1413 2675 1512 2743 uobis
1523 2676 1609 2742 ami-

383 2813 445 2859 cos
459 2793 503 2860 de
518 2814 711 2858 mammona
727 2791 926 2876 iniquitatis,
946 2802 993 2871 vt,
1017 2812 1095 2857 cum
1119 2791 1337 2873 deffeceritis,
1360 2792 1524 2879 recipiant
1546 2812 1609 2857 uos

385 2907 421 2974 in
437 2919 555 2977 eterna
571 2909 790 2974 tabernacula
809 2908 846 2973 ¹³.
865 2907 990 2992 Questi
1006 2906 1104 2973 amici
1121 2930 1205 2975 sono
1216 2931 1235 2976 e
1248 2907 1378 2994 poueri,
1392 2929 1454 2994 per
1467 2906 1522 2974 eui
1536 2930 1610 2976 me-

384 3023 441 3089 riti
456 3036 600 3090 entrano
618 3023 733 3108 quelli,
751 3026 815 3089 che
831 3020 1031 3109 l'agiutano,
1050 3024 1130 3089 nelli
1147 3022 1356 3093 tabernaculi
1376 3024 1465 3091 della
1485 3022 1607 3109 gloria3

384 3150 419 3207 et
434 3139 580 3208 maxime
595 3138 619 3204 li
636 3138 829 3205 voluntarii.
847 3140 1008 3208 Secundo
1024 3150 1035 3178 ¹
1051 3139 1261 3225 AugustinO,
1280 3138 1392 3225 questi
1408 3137 1528 3205 sonoli
1545 3138 1610 3204 mi-

384 3254 479 3335 nimi,
497 3255 552 3322 de'
574 3254 666 3339 quali
690 3253 766 3321 dice
787 3255 892 3339 Xpo.:
916 3254 1020 3340 Quod
1039 3252 1099 3319 vni
1119 3254 1163 3320 de
1186 3252 1333 3320 minimis
1351 3252 1426 3321 istis
1446 3252 1608 3333 feceritis,

385 3369 468 3436 mihi
484 3369 634 3439 feceritis
649 3371 685 3435 ¹⁴.

451 3484 490 3553 Si
506 3488 570 3553 che
586 3484 720 3551 vedessi
736 3484 772 3549 in
789 3484 842 3551 cio
855 3485 880 3549 l’
892 3484 1094 3575 excellentia
1105 3484 1194 3552 dalla
1206 3485 1364 3571 pouerti,
1379 3485 1480 3571 quale
1491 3505 1562 3549 non
1573 3504 1610 3551 se

384 3600 500 3687 degne
515 3601 558 3668 de
575 3603 626 3665 far
641 3600 769 3668 thesori
788 3601 823 3666 d'
840 3610 952 3665 sterco
970 3622 990 3665 0
1005 3598 1074 3667 vile
1089 3611 1191 3680 terra,
1213 3600 1421 3685 comprando
1437 3618 1504 3665 con
1527 3598 1610 3685 ogni

387 3714 512 3781 facultai
539 3716 618 3782 dell'
637 3723 732 3780 amor
758 3736 822 3780 suo
849 3712 956 3799 quell’
977 3714 1129 3800 precioso
1146 3718 1282 3783 thesoro
1297 3715 1354 3781 nel
1372 3735 1493 3801 campo
1514 3714 1610 3781 dela

385 3837 598 3849 -——

437 3898 451 3926 0
488 3882 821 3964 Gio.Batta.alter.ex.
858 3896 909 3935 -Ρ
928 3880 1187 3937 ifidelialter.ex.
1225 3897 1274 3936 -s
1293 3880 1321 3936 ai
1334 3880 1435 3953 poueri
1448 3881 1609 3936 etaalter.

381 3988 430 4032 ex,
468 3987 515 4015 -r
533 3970 662 4029 secondo
674 3971 736 4030 Sto.
751 3972 840 4026 alter.
854 3988 900 4028 ex.

437 4123 450 4156 ⁸
486 4120 646 4190 Ps.x1,6.

439 4212 451 4244 ⁹
487 4210 564 4266 Luc.
580 4211 632 4281 1v‚
644 4209 686 4264 18.

431 4299 454 4332 ¹⁰
491 4300 618 4354 Mareu.
633 4299 727 4372 X1,5;
741 4300 819 4355 Luc
834 4299 899 4370 Vll,
914 4312 957 4354 22.

432 4388 453 4422 ¹¹
490 4388 619 4446 Murra.
632 4388 714 4459 XIX,
727 4386 771 4447 28.

432 4476 453 4508 ¹¹
491 4476 619 4531 Murru.
634 4474 669 4543 V,
685 4474 712 4543 33
727 4476 804 4535 Luc.
819 4475 872 4549 Vl,
885 4490 930 4530 20.

434 4566 456 4599 ¹³
492 4565 706 4637 Luc.XV1,9.

433 4654 457 4687 ¹⁴
493 4654 620 4712 Murra,
635 4653 727 4727 XXV,
740 4669 785 4722 40.
