3625 5400
814 527 1021 587 Mourmaura
1039 529 1221 586 leumiim

665 772 676 794 ,
987 712 1050 792 128

640 841 788 910 SOCIIS
811 841 1031 909 TRIDENTI
1054 843 1381 913 VERSANTIBUS

741 969 830 1013 noun
848 955 964 1027 [nanus
982 958 1150 1030 unustnus]
1173 958 1241 1028 1-546
1262 961 1282 1012 ¹.

400 1068 518 1142 Ignatii
529 1071 687 1126 mandato.
695 1101 719 1112 -
728 1071 797 1142 Quo
807 1075 897 1145 pado
909 1074 985 1128 socii
996 1077 1062 1127 tum
1071 1073 1189 1144 publice
1201 1078 1267 1128 ium
1276 1075 1430 1147 privatim
1448 1093 1508 1132 sese
1517 1093 1627 1150 gerere
1688 1115 1692 1124 -

940 1162 1076 1218 ἀοὸιαπὶ.

529 1261 801 1332 tustaucnou
820 1277 929 1332 PARA
947 1277 1000 1332 tn
1018 1276 1208 1350 Jonnnnn
1226 1280 1280 1334 nn
1298 1279 1460 1338 insuto
1478 1297 1492 1323 a

971 1401 1039 1524 Itis.

844 1611 937 1658 1111111
959 1611 1176 1660 conunnsnn

463 1722 629 1791 Primam.
677 1724 740 1791 Asi
756 1743 857 1791 como
873 1744 917 1790 en
933 1744 1120 1796 conuersar
1135 1747 1157 1810 y
1174 1734 1299 1792 tractar
1311 1745 1376 1792 con
1388 1728 1530 1795 muchas
1541 1749 1621 1813 per-

396 1860 497 1906 sonas
514 1860 595 1925 para
609 1839 643 1906 la
658 1839 757 1906 salud
772 1861 794 1924 y
810 1842 983 1925 prouecho
997 1837 1152 1926 spiritual
1166 1840 1211 1907 de
1225 1841 1276 1908 ias
1290 1841 1421 1910 animas
1435 1863 1502 1910 con
1523 1843 1621 1910 fauor

395 1953 513 2020 diuino
528 1955 654 2021 mucho
670 1975 708 2022 se
723 1975 827 2041 gana,
845 1975 907 2040 por
922 1954 955 2022 el
970 1953 1140 2023 contrario
1156 1978 1200 2024 en
1215 1955 1248 2023 la
1263 1956 1310 2023 tal
1325 1956 1576 2038 conuersation,
1591 1958 1620 2023 si

396 2091 441 2136 no
459 2091 572 2136 somos
589 2069 774 2156 uigilantes
790 2093 813 2156 y
829 2069 1047 2138 fauorecidos
1061 2072 1117 2138 del
1136 2072 1248 2140 Senot
1269 2083 1421 2153 nuestro,
1446 2093 1484 2140 se
1503 2073 1620 2159 pierde

395 2187 519 2252 mucho
539 2187 583 2252 de
603 2196 743 2252 nuestra
764 2195 871 2272 parte,
893 2208 917 2271 y
938 2187 1027 2253 alas
1047 2207 1150 2256 uezes
1164 2187 1208 2254 de
1225 2188 1334 2255 todas.
1353 2190 1385 2254 Y
1404 2209 1545 2275 porque,
1563 2211 1618 2257 se·
1716 2241 1722 2250 .

394 2307 466 2387 gun
484 2313 623 2370 nuestra
638 2301 840 2387 profession,
863 2301 906 2369 de
927 2301 960 2367 la
980 2302 1028 2368 tal
1049 2301 1288 2368 conuersation
1309 2325 1355 2369 no
1373 2325 1437 2370 nos
1456 2305 1619 2390 podamos

393 2439 544 2500 escusar,
563 2428 691 2503 quanto
706 2423 779 2483 mas
794 2419 967 2485 fueremos
983 2417 1152 2502 prauistos
1166 2415 1182 2457 ¹²
1197 2440 1219 2504 y
1240 2439 1301 2504 por
1321 2420 1427 2506 algun
1447 2420 1619 2487 concieno

390 2534 623 2618 enderecados
639 2543 663 2613 ⁶,
683 2544 778 2600 tanto
795 2538 867 2599 mas
882 2517 1006 2599 iremos
1021 2533 1251 2600 descansados
1266 2555 1310 2602 en
1331 2537 1363 2602 el
1384 2536 1495 2604 Senot
1514 2557 1618 2603 nues-

393 2659 458 2715 tro.
477 2649 523 2718 Se
539 2648 664 2736 siguen
679 2649 825 2737 algunas
848 2669 958 2731 cosas,
981 2647 1025 2716 de
1043 2649 1094 2715 las
1114 2648 1232 2733 quales
1255 2656 1277 2717 ό
1299 2651 1343 2719 de
1365 2661 1457 2718 otras
1476 2651 1615 2735 similes,

391 2764 555 2849 quitando
572 2787 594 2850 y
611 2765 794 2851 poniend0,
812 2785 876 2831 nos
892 2766 1056 2851 podamos
1076 2764 1194 2831 aiudar
1216 2786 1260 2831 en
1280 2768 1311 2831 el
1332 2767 1442 2834 Senot
1463 2778 1616 2836 nuestro.

461 2898 491 2946 2.
541 2880 637 2948 Seria
661 2879 758 2946 tardo
784 2902 826 2947 en
851 2881 982 2962 hablar,
1010 2879 1233 2947 consideratio
1260 2903 1282 2966 y
1303 2902 1472 2965 amoroso,
1493 2884 1619 2949 maior·

443 3104 457 3131 ³
494 3086 579 3143 Auisi
591 3085 622 3140 di
635 3086 672 3140 N.
688 3085 720 3142 P.
736 3084 823 3159 perii
836 3084 923 3139 Padri
932 3092 1044 3157 mastro
1059 3084 1188 3156 Laynez,
1202 3084 1381 3154 Saimerone,
1396 3085 1521 3141 Claudio
1531 3087 1617 3157 Jayo‚

388 3174 505 3250 quando
523 3174 672 3231 andorono
690 3175 717 3229 al
739 3172 864 3229 concilio
880 3172 911 3227 di
927 3163 1039 3227 ⁴Trento
1056 3174 1084 3227 la
1101 3172 1193 3244 prima
1215 3174 1307 3244 uoltu,
1324 3176 1379 3229 che
1399 3174 1430 3229 iu
1447 3174 1518 3229 nell’
1540 3190 1617 3229 anno

392 3278 459 3335 1545
477 3266 552 3337 [sic]¹
571 3262 592 3321 ti
604 3264 683 3337 quali
695 3264 734 3319 ho
746 3270 862 3318 trouato
878 3262 941 3317 cosi
958 3276 1042 3317 come
1055 3271 1161 3316 stanno
1178 3262 1208 3317 in
1221 3261 1350 3317 italiano.
1366 3262 1514 3335 Exemplo
1528 3263 1615 3317 ι’ἰαία.

387 3358 438 3398 —b
449 3354 567 3421 Melius,
581 3353 727 3425 provistos
738 3353 774 3407 In
786 3356 912 3423 utroque
921 3352 1054 3422 exemplo
1067 3352 1143 3406 italo
1155 3352 1281 3425 legitur,
1295 3350 1429 3425 prouisti.
1450 3366 1498 3395 -c
1510 3352 1617 3407 Emen-

386 3442 494 3495 datum
509 3443 541 3495 in
555 3456 610 3494 ms.
617 3460 628 3507 ;
638 3440 728 3509 prius
739 3439 887 3511 scriptum
896 3436 1009 3511 suerat
1021 3436 1194 3493 ordenados.

391 3540 600 3549 ——-.----—-

443 3594 448 3623 ¹
489 3593 532 3646 Ex
543 3589 643 3645 codice
653 3590 796 3645 instruct.
808 3588 833 3656 1,
843 3604 957 3660 apogr„
967 3604 983 3657 5
995 3587 1040 3659 ii,
1050 3604 1173 3660 quorum
1185 3589 1318 3644 ultimum
1330 3607 1445 3661 purum,
1456 3608 1485 3645 n.
1500 3604 1523 3659 1,
1536 3590 1618 3662 prius

390 3695 444 3749 1·4.
460 3679 549 3735 Aliud
562 3686 659 3735 exstat
672 3694 783 3749 apogr,
799 3678 898 3733 italico
916 3693 1064 3747 sermone,
1077 3676 1107 3731 in
1120 3678 1183 3732 cod.
1204 3678 1292 3731 Rom.
1306 3679 1361 3749 111,
1380 3677 1414 3732 tt.
1438 3678 1564 3747 182·185;
1585 3687 1617 3733 et

386 3769 475 3840 aliud,
489 3769 578 3824 etiam
588 3768 730 3836 italicum,
745 3767 775 3821 in
788 3768 852 3823 cod.
867 3766 1046 3830 Recuerdos,
1059 3764 1093 3820 ff.
1114 3766 1487 3836 104v·107r.-Tridentum
1504 3768 1536 3822 18
1547 3768 1618 3840 Maji

391 3858 458 3929 1546
472 3858 574 3912 Patres
583 3856 702 3911 Lainius
716 3863 747 3909 et
760 3854 912 3910 Salmeron
925 3862 1135 3927 pervenerunt,
1145 3872 1163 3909 a
1175 3855 1267 3909 Paulo
1281 3856 1321 3909 ΙΙΙ
1332 3856 1462 3928 theologi
1475 3856 1618 3928 pontificii

387 3946 544 4018 designati.
557 3946 601 4001 Ibi
612 3946 645 4001 P.
660 3946 743 4017 Jajus
757 3946 941 4015 versabatur,
954 3944 1111 4015 augustani
1120 3944 1276 3999 cardinalis
1287 3954 1465 4016 procurator.
1477 3944 1618 4000 «Triden-

389 4047 449 4091 tum
460 4054 527 4091 cum
536 4034 775 4108 pervenissent...
785 4034 929 4104 aLegatis
939 4033 977 4087 de
987 4034 1088 4089 Monte
1098 4043 1128 4088 et
1138 4032 1246 4087 Sancta
1253 4031 1362 4103 Cruce,
1369 4035 1420 4105 qui
1430 4045 1532 4107 postea
1541 4034 1618 4089 Pon·

389 4125 482 4180 tifices
493 4125 622 4195 fuerunt,
636 4132 666 4180 et
678 4126 717 4179 ab
729 4123 794 4179 aliis
807 4122 945 4178 Patribus
959 4122 1085 4178 Concilii
1094 4121 1260 4177 humaniter
1272 4130 1303 4177 et
1312 4132 1444 4179 amanter
1453 4133 1522 4179 sunt
1531 4140 1617 4179 exce·

388 4215 459 4284 pti.»
482 4213 663 4275 Pontucus.
689 4213 812 4277 Cicron„
836 4211 858 4283 1,
884 4211 945 4281 178.
969 4212 1014 4265 De
1036 4212 1091 4265 hoc
1113 4219 1287 4280 argumento
1310 4210 1377 4266 vide
1399 4213 1616 4284 praecaeteris

389 4302 541 4369 Astnntu,
553 4300 703 4367 Historia,
715 4302 765 4357 lib.
779 4300 890 4372 II,cap.
905 4300 947 4367 16,
960 4298 1011 4353 ubi
1021 4300 1093 4353 haec
1103 4298 1167 4371 ipsa
1177 4298 1331 4354 instructio
1340 4299 1617 4355 adhibetur.—Dies

389 4390 554 4461 scriptionis
567 4388 634 4443 huic
648 4402 837 4444 monumento
848 4404 906 4443 non
916 4387 1083 4459 apponitur3
1094 4385 1147 4441 sed
1156 4403 1224 4441 cum
1234 4387 1264 4441 in
1275 4386 1339 4457 ejus
1349 4390 1479 4444 clausula
1489 4389 1614 4460 legatur:

389 4478 476 4533 «Esta
485 4477 575 4533 orden
585 4495 617 4535 se
627 4477 778 4533 comience
788 4476 892 4532 dentro
902 4476 939 4532 de
948 4476 1033 4531 cinco
1043 4474 1106 4531 dias
1115 4476 1243 4547 despucs
1252 4493 1309 4550 que
1320 4476 1467 4533 fueremos
1478 4496 1515 4534 en
1525 4478 1617 4533 Treu-

389 4576 448 4636 ton,
461 4567 600 4639 illucque,
615 4576 647 4623 ut
658 4565 836 4634 dictumest,
847 4565 919 4621 socii
932 4566 963 4621 18
973 4565 1041 4636 Maji
1052 4565 1251 4637 pervenerint,
1262 4565 1416 4622 conficitur
1425 4569 1500 4623 hanc
1509 4568 1617 4623 instru-

385 4656 516 4711 ctionem
534 4656 634 4729 primis
651 4656 720 4711 anni
738 4655 888 4711 mensibus
906 4654 1044 4726 scriptam
1061 4653 1166 4711 fuisse.
1183 4653 1360 4711 Conferatur
1372 4655 1479 4712 iterum
1493 4658 1619 4713 Potan-

388 4758 461 4817 ctJS,
478 4744 602 4810 chron„
616 4744 640 4814 1,
657 4757 717 4815 171.
857 4750 861 4757 ’
