3625 5400
397 429 450 487 368
560 399 563 406 Ι
763 425 985 508 Mouuunnra
1003 425 1183 482 lcumena

358 587 427 652 lete
446 580 549 650 scribi
564 580 607 648 ad
624 577 801 648 dominum
818 575 1028 645 Bobadillam
1043 576 1187 646 Colonie
1199 582 1389 666 agentem³
1394 629 1403 661 ,
1418 580 1510 665 quod
1522 600 1589 650 nu·

363 721 424 786 per
445 696 666 784 promiseram
689 695 733 763 de
755 692 945 759 admirabili
964 714 1067 779 opere
1086 693 1244 760 domini
1234 716 1271 761 m
1296 695 1404 778 India,
1429 705 1468 763 et
1493 695 1590 763 brevi

365 815 431 882 alia
457 811 602 898 quedam
630 808 821 897 scripturus
841 819 912 890 est;
935 807 1091 894 poteritis
1111 819 1229 894 petere
1247 809 1381 901 copiam
1401 789 1588 892 literarum,
1671 847 1678 859 ·

367 952 434 997 non
451 926 583 1007 dubito,
602 924 685 1012 quin
702 924 800 992 vobis
821 934 855 994 et
874 922 1034 991 omnibus
1055 924 1230 992 Christum
1250 926 1444 994 amantibus
1464 937 1499 993 et
1514 927 1588 1013 glo-

365 1047 451 1112 riam
467 1041 609 1111 ecclesie
626 1062 688 1110 sue
703 1040 822 1108 dilatet
841 1039 989 1108 tentoria
1002 1061 1077 1107 sua.
1101 1042 1134 1108 Ο
1155 1062 1256 1127 quam
1277 1041 1405 1109 dociles
1428 1041 1592 1128 magistro

366 1159 506 1230 Christo
522 1157 610 1225 filios
626 1155 757 1225 invenit
777 1165 885 1223 mater
905 1155 1061 1237 ecclesia,
1084 1177 1187 1240 quam
1206 1158 1313 1224 fortes
1332 1158 1497 1251 adversus
1512 1178 1591 1244 per·

364 1275 587 1354 secutionem,
607 1282 645 1338 ut
661 1273 775 1339 denuo
787 1293 890 1358 supra
904 1270 1055 1338 tunicam
1068 1271 1246 1341 candidam
1259 1273 1422 1359 gaudeat,
1436 1293 1475 1340 se
1486 1272 1572 1339 vesti

363 1401 479 1460 mento
495 1409 666 1476 purpureo
683 1410 703 1454 a
719 1409 846 1473 sponso
859 1407 923 1454 suo
939 1386 1104 1454 decorari.
1123 1389 1211 1456 Nam
1227 1389 1304 1474 plus
1321 1410 1423 1473 quam
1439 1387 1591 1468 sexcenti

362 1515 440 1594 post
454 1503 622 1591 baptisma
638 1513 835 1588 susceptum
851 1523 914 1587 pro
931 1501 1071 1568 Christo
1087 1503 1219 1570 fortiter
1234 1503 1361 1571 mortui
1380 1514 1462 1570 sunt
1483 1504 1508 1583 ⁴,
1525 1505 1592 1568 hoc

366 1621 465 1689 modo
481 1642 544 1688 sua
561 1617 728 1686 charitate
744 1617 836 1704 cepit
849 1617 888 1686 ei
910 1616 1069 1686 Christus
1089 1639 1311 1705 compensare
1330 1618 1490 1686 iniuriam
1506 1619 1592 1687 defi-

367 1735 532 1806 cientium
548 1736 591 1802 ab
609 1733 682 1820 ipsa
696 1734 740 1800 ad
755 1732 941 1802 Martinum
958 1735 1147 1803 Lutherum
1164 1744 1225 1801 aut
1246 1734 1441 1822 Philippum
1463 1735 1591 1803 Melan·

368 1855 511 1920 thonem
537 1861 571 1918 et
598 1850 748 1936 pondere
764 1848 835 1916 vite
850 1869 926 1916 eam
947 1849 1175 1936 gravantium.
1197 1852 1332 1918 Prestet
1350 1852 1470 1917 eadem
1485 1849 1593 1916 chari·

368 1979 433 2048 tas,
451 1977 491 2033 ut
506 1967 750 2035 erubescentes
765 1976 801 2031 et
816 1963 988 2033 emendati
1004 1964 1128 2033 iterum
1143 1964 1176 2034 ei
1191 1964 1464 2052 incorporentur.

434 2081 602 2150 Dominus
618 2079 783 2168 Ignatius,
802 2102 869 2166 qua
885 2091 938 2150 est
952 2102 1037 2167 erga
1052 2103 1116 2148 vos
1131 2081 1360 2162 solicitudine,
1379 2083 1529 2168 postulat
1539 2081 1593 2148 his

368 2199 482 2268 literis
490 2197 554 2264 sibi
569 2196 715 2263 describi
731 2195 897 2264 rationem
913 2207 1061 2265 vestram
1078 2195 1215 2263 vivendi
1232 2207 1350 2280 totam,
1368 2219 1412 2264 an
1433 2198 1534 2266 simul
1550 2220 1593 2263 an

369 2313 550 2402 separatim
568 2311 741 2392 habitetis,
758 2311 834 2398 quis
847 2311 937 2380 inter
949 2333 1010 2379 vos
1022 2305 1139 2378 curam
1152 2323 1263 2398 gerat,
1278 2311 1355 2398 quis
1368 2313 1512 2395 fructus,
1528 2334 1594 2398 que

368 2429 541 2508 exercitia,
556 2449 623 2513 que
639 2427 781 2498 aliorum
798 2426 980 2507 edificatio,
997 2449 1043 2493 an
1059 2425 1094 2492 in
1109 2446 1194 2513 pace
1210 2450 1255 2495 an
1269 2427 1306 2494 in
1325 2428 1595 2496 contradictione
1707 2427 1716 2446 '

369 2545 545 2613 hominurn
566 2543 734 2611 mansueti
756 2541 892 2624 vivatis,
911 2564 957 2609 an
976 2564 1020 2610 ex
1039 2543 1266 2630 eleemosynis
1280 2567 1325 2612 an
1341 2544 1490 2612 aliunde.
1510 2547 1594 2611 Pre-

370 2671 463 2729 terea
481 2659 750 2744 uniuscuiusque
765 2658 1016 2727 incrementum
1033 2659 1069 2726 in
1085 2679 1125 2726 ea
1140 2658 1223 2741 vita,
1238 2681 1306 2747 que
1320 2660 1471 2747 corporis
1486 2670 1596 2727 morte

369 2798 441 2843 non
461 2776 729 2863 interrumpitur,
752 2786 911 2855 aetatem,
934 2774 1172 2859 eruditionem,
1196 2776 1424 2891 propositum,
1444 2776 1543 2845 dotes
1562 2788 1597 2845 et

372 2893 552 2959 facultates
568 2893 611 2959 ad
627 2890 838 2959 adiuvandos
850 2912 1025 2976 proximos
1034 2901 1071 2960 et
1081 2893 1295 2960 conditiones
1308 2892 1468 2978 reliquas.
1483 2883 1597 2961 Obse-

370 3029 430 3074 cro
446 3008 579 3088 fratres,
598 3006 763 3074 viriliter
754 3029 790 3073 in
806 3006 977 3073 anteriora
993 3009 1218 3075 extendamur
1240 3018 1274 3078 et
1294 3004 1458 3093 pertracti
1479 3030 1597 3077 aman-

369 3123 488 3190 tissimi
515 3125 619 3210 patris
642 3122 821 3203 desideri0,
840 3122 930 3208 capti
946 3144 1063 3192 amore
1078 3121 1385 3208 pulcherrimorum
1400 3135 1436 3193 et
1458 3101 1596 3191 immar-

368 3238 579 3308 cescibilium
601 3240 774 3305 fructuum
796 3236 936 3325 spiritus
955 3250 990 3305 et
1010 3249 1149 3327 propter
1167 3239 1455 3307 abominationem
1482 3250 1598 3325 putre·

368 3354 496 3422 scentis
523 3352 768 3434 sensualitatis
793 3353 985 3421 exhalantis
1004 3365 1039 3421 et
1054 3355 1122 3421 late
1138 3354 1332 3441 spargentis
1353 3366 1404 3423 tot
1425 3332 1599 3421 mortifera

368 3469 547 3539 desideria.
567 3472 700 3537 Iustum
716 3490 854 3556 quoque
869 3479 934 3549 est,
952 3479 991 3535 ut
1011 3480 1193 3536 cernentes
1209 3480 1339 3535 tantam
1355 3482 1506 3557 stragem
1523 3469 1597 3535 ani-

371 3606 503 3652 marum
522 3585 653 3653 Christi
671 3598 831 3653 curemus
846 3583 968 3651 instrui
984 3587 1028 3653 ad
1047 3584 1260 3671 eripiendum
1280 3606 1366 3670 quos
1386 3586 1465 3652 licet
1485 3588 1528 3653 ab
1544 3585 1598 3652 in·

371 3709 584 3719 ——--.

370 3752 422 3807 bili
435 3752 512 3824 apud
525 3754 750 3825 antuerpienses
764 3752 1093 3825 praemonstratensium
1103 3754 1258 3823 coenobio,
1276 3762 1346 3810 aute
1361 3772 1449 3827 quam
1465 3752 1533 3823 1543
1546 3752 1598 3808 So·

369 3840 509 3897 cietatem
524 3840 739 3913 ingrederetur.

421 3932 432 3963 ³
470 3932 653 3997 Ponnucus
676 3929 802 3995 Chron„
816 3929 840 3999 1,
858 3928 996 3998 183,184.

420 4022 431 4052 ⁴
470 4020 616 4075 Xaverius
629 4019 728 4088 sociis,
742 4020 853 4073 Rornae
866 4018 1054 4090 degentibus,
1067 4019 1177 4075 Cocino
1187 4019 1320 4075 scribens
1330 4032 1364 4089 27
1375 4020 1506 4091 Januarii
1518 4032 1597 4089 1545,

366 4124 426 4164 non
438 4108 478 4164 ait
493 4112 654 4181 plusquam
665 4117 823 4165 sexcentos
837 4118 904 4180 post
918 4108 1064 4179 baptisma
1081 4115 1251 4179 susceptum
1269 4117 1394 4163 mortem
1411 4125 1463 4181 pro
1481 4108 1598 4163 Christo

364 4195 480 4251 fortiter
499 4198 670 4269 oppetiisse,
685 4198 737 4253 sed
752 4200 860 4253 multos
881 4196 1058 4268 generatim,
1072 4197 1103 4251 in
1116 4214 1190 4269 quos
1200 4191 1283 4267 'regis
1304 4196 1511 4271 Jafauapatani
1520 4196 1599 4251 furor

366 4284 493 4340 immane
507 4286 705 4341 debacchatus
725 4296 780 4341 est.
796 4288 841 4341 En
859 4285 980 4343 Xaverii
999 4287 1099 4340 verba:
1169 4302 1210 4356 «y
1231 4284 1359 4357 despues
1377 4284 1416 4340 de
1435 4298 1505 4341 auer
1517 4284 1599 4357 idoy

366 4374 524 4445 baptizatio
544 4378 664 4429 muchos
678 4376 784 4445 dellos,
798 4378 825 4429 el
840 4376 905 4447 Rey
916 4375 954 4429 de
967 4375 1082 4447 aquella
1095 4372 1183 4429 tierra
1200 4374 1267 4429 hizo
1280 4376 1402 4430 muchos
1413 4383 1547 4445 estragos
1555 4392 1598 4435 cn

366 4464 488 4517 muchos
502 4463 626 4536 dellosy
640 4464 852 4535 muy·grnndes
864 4464 1047 4534 crueldades,
1062 4479 1173 4535 porque
1186 4480 1219 4517 se
1232 4462 1361 4519 hizieron
1374 4464 1506 4535 xpianos.
1526 4464 1598 4519 Gra·

367 4550 430 4605 cias
445 4568 516 4607 sean
530 4552 619 4609 dadas
632 4556 648 4607 d
662 4554 734 4608 Dios
748 4562 868 4608 nuestro
883 4552 988 4621 Sehor,
1001 4569 1059 4623 que
1072 4570 1110 4607 en
1129 4560 1265 4607 nuestros
1283 4552 1346 4607 dtas
1363 4569 1401 4608 no
1418 4552 1509 4609 tettan
1527 4556 1598 4607 mir·

369 4638 472 4695 tires».
490 4642 619 4697 liouuu.
635 4654 760 4697 flrsrou.
775 4640 806 4697 S.
821 4642 862 4713 J.,
877 4641 1073 4695 Monumenta
1087 4640 1278 4707 Kaumana,
1289 4642 1313 4711 1,
1326 4640 1389 4713 368,
1402 4640 1465 4711 369.
