3625 5400
591 461 696 517 Enrsr.
718 470 852 529 115.-20
870 460 1045 517 Fennusnn
1066 457 1134 529 1546
1388 453 1442 510 363

247 614 422 696 charidad‚
436 613 572 701 puedan
584 633 639 680 ser
649 613 820 702 perfectos
835 611 1008 700 operarios
1022 633 1088 680 eon
1104 633 1145 680 su
1158 612 1287 680 talento
1299 611 1473 691 deletraS,

248 729 338 798 sicut
353 739 389 798 et
406 731 509 803 Pater
524 722 681 798 coeiestis
696 728 869 817 perfectus
885 739 938 796 est
954 729 979 794 ¹.

310 829 400 912 ¹Esto
414 845 511 914 baste
526 867 588 932 por
603 865 695 926 aora,
714 865 851 930 aunque
866 845 1011 912 muchas
1025 865 1124 913 cosas
1139 855 1232 913 otras
1248 849 1329 911 auia
1341 866 1409 930 que
1420 844 1474 911 di-

237 961 310 1042 .zir;
328 981 471 1047 porque,
488 980 589 1028 corno
605 959 695 1050 dixe,
713 981 750 1028 se
766 959 930 1028 escriuirt
945 961 1026 1028 todo
1041 961 1304 1030 menudamente
1320 981 1384 1047 por
1400 970 1475 1028 otra

249 1098 332 1163 para
346 1075 562 1143 consolacinn
579 1077 622 1145 de
638 1077 749 1158 todos,
767 1081 787 1142 i
803 1075 854 1142 los
865 1077 986 1161 quales
997 1076 1150 1162 pedimos
1162 1097 1225 1143 nos
1236 1077 1473 1146 encomenden

249 1195 375 1259 mucho
390 1198 410 1260 ἐι
424 1192 458 1258 la
473 1191 604 1259 infinita
619 1192 755 1260 bondad
771 1191 815 1258 de
830 1191 915 1259 Dios
931 1193 975 1259 N.
994 1193 1047 1274 8.,
1065 1213 1133 1278 que
1147 1213 1211 1258 nos
1226 1191 1345 1278 quieta
1355 1194 1416 1258 dar
1430 1212 1474 1259 su

250 1306 367 1395 gracia
388 1307 557 1394 complida
575 1330 659 1395 para
679 1329 747 1394 que
770 1329 811 1374 su
838 1307 1031 1375 santissima
1058 1307 1223 1376 uoluntati
1250 1307 1425 1387 sintamos,
1452 1331 1475 1393 y

203 1458 206 1464 v
248 1423 383 1511 aquella
398 1423 664 1510 persectamente
679 1421 925 1510 ‘cumplamos

316 1541 370 1606 De
383 1540 489 1606 Roma
509 1557 549 1627 19
564 1538 608 1608 de
623 1539 772 1607 Febrero
788 1541 831 1608 de
852 1540 947 1622 1546.

607 1655 657 1723 Su
673 1652 813 1722 minimo
829 1655 1055 1723 hennanoen
1070 1655 1148 1735 X.⁰,

885 1772 1110 1840 Bnnroronrt
1133 1771 1293 1838 Fennorc

317 1887 513 1974 Inscriptio.
533 1879 719 1970 Certaque
735 1908 756 1953 o
773 1888 813 1952 Ρ.
833 1886 1076 1955 Bertholameu
1096 1887 1225 1954 Ferron
1247 1905 1411 1952 escreueo
1432 1905 1475 1950 ao

252 2005 293 2070 Ρ.
312 2002 438 2072 Martin
454 2002 497 2070 de
513 2003 577 2071 S.²⁸
592 2002 697 2082 Cruz,
716 2011 829 2088 reytor
845 2003 889 2068 do
905 2000 1052 2088 collegio
1067 2001 1110 2070 de
1126 1999 1328 2069 Coimbra...

518 2241 675 2330 [eninr
699 2243 769 2309 Fre.
798 2121 953 2314 nilico
976 2242 1038 2308 ne
1061 2239 1205 2328 soro]

631 2369 720 2412 nous
733 2369 768 2410 20
780 2367 951 2412 rnenusnn
967 2355 1035 2426 ¹⁵4⁶
1049 2358 1069 2410 ¹.

248 2453 349 2528 Rogat
361 2454 504 2528 [gnatius
516 2454 589 2510 velit
601 2454 654 2509 Fr.
670 2454 825 2510 Petrusds
839 2453 910 2508 Soio
921 2454 1006 2526 apud
1019 2451 1165 2510 Carnium
1182 2453 1309 2527 Vagare
1326 2459 1360 2510 ut
1378 2457 1474 2511 Fran·

328 2543 422 2599 cincus
434 2545 470 2600 de
486 2542 575 2598 Lasso
587 2559 656 2598 cum
669 2542 766 2614 equire
776 2543 920 2616 hungaro
932 2542 966 2597 in
975 2543 1116 2616 gratiam
1130 2543 1231 2598 redire
1236 2541 1393 2614 jubeatur.
1472 2621 1475 2628 Ι

822 2640 911 2765 nis,

316 2814 366 2881 La
381 2834 480 2881 suma
496 2812 613 2901 gracia
628 2837 652 2901 y
667 2834 763 2879 amor
777 2822 896 2881 eterno
911 2814 956 2879 de
976 2811 1116 2879 Christo
1137 2822 1277 2881 nuestro
1298 2813 1434 2883 criador
1451 2837 1473 2900 y

248 2938 351 2997 sertor
366 2935 387 2996 t
403 2932 446 2997 V.
468 2932 507 2997 P.
526 2929 643 2997 salude
659 2950 681 3015 y
697 2926 815 2995 vissite
831 2949 874 2997 en
891 2936 1053 3027 numento
1067 2948 1134 2995 con
1150 2949 1210 2995 sus
1224 2928 1332 2995 dones
1353 2952 1375 3015 y
1392 2950 1473 3015 gra-

204 3112 211 3125 ,
250 3044 322 3111 cias
337 3064 380 3111 en
396 3065 437 3111 su
454 3066 576 3131 mayor
587 3042 745 3128 seruici0,
764 3045 929 3129 alauanca
943 3066 966 3129 y
983 3042 1105 3145 gloria.

317 3160 465 3245 Avnque
480 3160 525 3229 de
541 3165 586 3227 mi
602 3158 838 3230 meritamente
859 3179 904 3224 no
923 3178 963 3226 se
984 3168 1089 3245 tenga
1106 3158 1233 3243 noticia
1254 3161 1393 3246 alguna,
1412 3181 1475 3246 por

247 3275 293 3341 mi
308 3295 399 3361 poco
423 3296 516 3361 sery
536 3296 654 3342 menos
676 3275 779 3355 valer,
805 3296 849 3343 en
872 3274 1043 3359 ofrecerse
1065 3284 1079 3313 ⁸
1103 3273 1244 3343 materia
1261 3284 1358 3342 tanto
1379 3281 1474 3362 piay

246 3400 357 3473 santa,
374 3412 398 3474 y
414 3399 510 3456 tanto
525 3390 630 3477 digna
656 3390 700 3459 de
723 3392 768 3458 V.
798 3391 838 3456 P.
858 3389 883 3469 ²,
914 3388 1118 3474 pareciendo
1148 3389 1180 3455 al
1208 3398 1309 3460 senor
1326 3392 1416 3477 Juan
1430 3393 1474 3458 de

299 3594 310 3637 f
343 3596 458 3666 squella
475 3600 677 3683 enterarnente
694 3594 749 3649 alt.
767 3611 812 3650 ex.
852 3610 901 3637 -a
919 3610 957 3648 en
969 3590 1126 3664 oirecerse,
1141 3594 1174 3647 ia
1186 3597 1239 3658 est,
1254 3591 1472 3650 circeiendose.

249 3718 460 3733 ——-e————

300 3790 312 3823 ³
349 3791 478 3849 ΜΑττΗ.
493 3791 529 3860 V,
544 3791 590 3861 48.
1033 3842 1037 3851 .

210 3926 220 3943 .
303 3884 310 3915 ¹
348 3881 393 3935 Ex
414 3883 477 3936 cod.
507 3882 623 3947 Vitott„
646 3898 747 3953 apogr.
770 3894 787 3935 2
808 3880 855 3951 ft,
878 3900 907 3937 n.
930 3880 981 3950 76,
1004 3881 1084 3953 prius
1108 3880 1158 3938 128
1182 3890 1213 3937 et
1238 3892 1297 3951 129.
1308 3878 1473 3944 -Cartas,

248 3984 277 4023 n.
292 3968 416 4029 LXXIV
429 3970 483 4039 (1.¹
500 3972 588 4042 pars).

300 4062 311 4093 ²
349 4059 415 4115 Non
427 4059 536 4115 dicitur
548 4058 579 4115 in
592 4062 759 4134 apographo
776 4060 824 4117 cui
837 4062 910 4117 haec
923 4059 1047 4133 epistola
1059 4076 1094 4116 ec
1106 4078 1234 4133 sequens
1247 4059 1316 4115 data
1333 4068 1389 4115 est.
1405 4058 1475 4115 Edi-

247 4155 326 4203 tores
340 4148 526 4205 matritenses
537 4166 601 4204 eam
614 4148 784 4221 inscriptam
797 4166 863 4206 esse
876 4157 1015 4222 putarunt
1026 4149 1070 4204 «A
1084 4167 1123 4204 un
1137 4149 1275 4219 religioso
1287 4164 1380 4220 grave
1393 4147 1430 4203 de
1444 4150 1473 4203 la

244 4245 327 4292 corte
339 4235 387 4292 del
401 4238 573 4309 emperedor
585 4237 686 4293 Certos
699 4239 754 4294 Vs:
773 4238 858 4294 nobis
877 4254 948 4293 vero
965 4238 1074 4309 scripta
1091 4236 1209 4293 videtur
1225 4237 1365 4309 religioso
1379 4237 1442 4292 viro
1456 4256 1473 4291 e

247 4323 430 4381 dominicnna
439 4324 558 4398 familia,
568 4328 656 4383 Petro
664 4326 702 4382 de
712 4326 795 4397 Soto,
806 4325 855 4399 qui
866 4343 925 4382 non
935 4326 1021 4382 modo
1029 4326 1157 4382 caesaris
1166 4327 1277 4382 curiam
1287 4334 1358 4382 tunc
1368 4343 1474 4399 seque-

248 4414 342 4484 batur,
357 4414 412 4471 sed
424 4416 535 4471 caesari
548 4424 612 4471 erat
622 4433 639 4471 a
648 4414 884 4471 confessionibus
897 4423 928 4471 et
940 4415 1080 4472 consiliis.
1092 4415 1209 4471 Etenim
1218 4432 1294 4489 quse
1307 4416 1338 4471 in
1348 4416 1473 4488 epistola

247 4502 442 4575 attinguntur,
455 4504 521 4560 sive
533 4504 577 4560 rei
589 4513 722 4560 naturam
732 4511 858 4577 spectes,
871 4504 935 4561 sive
946 4521 1087 4577 personae
1094 4504 1300 4560 auctoritatem
1310 4520 1344 4559 ac
1355 4520 1474 4572 munus,

247 4608 306 4663 quo
316 4591 347 4647 in
359 4592 527 4649 caesariana
535 4592 617 4649 curia
629 4592 679 4649 ille
692 4592 738 4648 vir
748 4593 938 4665 fungebatur,
951 4595 1048 4650 omnia
1061 4611 1180 4666 prorsus
1194 4593 1236 4650 ite
1246 4593 1336 4650 Petro
1348 4592 1386 4648 de
1400 4592 1474 4649 Soto

245 4681 439 4753 conveniunt,
448 4690 481 4737 ut
494 4682 591 4737 nuilus
604 4682 699 4755 aptior
708 4681 744 4738 ad
754 4681 794 4754 id,
804 4682 883 4755 quod
896 4681 1029 4754 ignatius
1038 4678 1222 4755 intendebat,
1231 4681 1471 4755 consequendum
