3625 5400
586 440 688 495 Errsr.
709 436 844 508 223.-19
863 436 1049 493 Novruoms
1069 448 1136 507 1547
1382 434 1435 506 635

250 601 382 672 santur,
414 588 560 657 solidum
591 590 752 658 iacientes
782 588 967 677 spiritual'n
997 591 1169 676 profectus
1197 588 1468 669 fundamentum,

250 724 396 789 cumque
410 705 624 775 edificatione
640 682 709 774 non
722 705 854 773 modica
866 717 1019 773 nostrum
1032 706 1183 772 omnium
1193 704 1266 773 suis
1277 706 1472 789 funguntur

250 819 456 890 ministeriis.

315 936 449 1005 Literae
464 936 508 1003 ad
524 938 616 1023 Mag.
635 937 923 1023 Christophorum
939 938 951 970 ⁸
967 935 1163 1003 scribuntur
1178 935 1221 1003 de
1241 936 1365 1022 ignatii
1385 956 1469 1002 con-

248 1072 365 1131 sensu,
384 1063 426 1118 vt
436 1055 479 1120 ad
494 1074 558 1119 nos
574 1053 740 1119 Rhomam
757 1073 794 1120 se
810 1053 974 1119 conferat.
999 1053 1042 1118 Et
1064 1050 1194 1118 domini
1215 1051 1344 1118 Canisii
1364 1050 1470 1120 literis

249 1167 333 1234 fides
349 1168 507 1236 habenda
522 1168 597 1251 erit,
616 1179 654 1233 vt
668 1168 805 1251 nostris,
823 1171 889 1235 hac
905 1167 939 1235 in
956 1178 1063 1254 parte.
1081 1169 1160 1234 Non
1181 1178 1296 1233 tamen
1316 1178 1395 1236 ante
1409 1187 1470 1233 ver

249 1282 439 1368 proximum
455 1282 624 1369 proficisci
637 1284 685 1371 (vt
700 1284 830 1371 opinor)
847 1284 1063 1350 commodum
1078 1281 1110 1350 ei
1129 1282 1207 1364 erit,
1231 1282 1310 1350 licet
1331 1304 1392 1369 per
1408 1303 1472 1349 nos

249 1397 357 1483 primo
373 1419 511 1483 quoque
527 1409 679 1485 tempore
694 1398 830 1485 accingi
841 1407 970 1485 posset.

316 1514 368 1581 De
384 1511 522 1579 domino
537 1514 681 1583 Daniele
696 1516 709 1547 ⁴
725 1513 1018 1600 impresentiarum
1034 1513 1082 1579 nil
1096 1532 1224 1579 nouare
1241 1512 1422 1600 oportebit.

314 1629 387 1696 Nec
404 1628 495 1696 aliud
510 1641 574 1711 est,
594 1630 685 1716 quod
700 1629 736 1695 in
750 1628 942 1716 praesentia
955 1628 1051 1695 vobis
1062 1627 1294 1716 significatum
1306 1629 1426 1698 veiim..

315 1744 436 1812 Valete
447 1744 483 1811 in
490 1746 628 1813 Christo
639 1747 728 1825 Iesu,
738 1738 848 1831 et'ipsi
861 1766 923 1810 nos
934 1764 1052 1811 omnes
1063 1744 1185 1811 vestris
1196 1744 1232 1812 in
1244 1743 1466 1823 orationibus,

249 1878 390 1943 quaeso,
408 1861 655 1948 commendam.

185 1964 187 1967 ’
316 1975 444 2043 Rornae
459 1975 573 2043 idibus
588 1974 791 2043 Novembris
812 1990 907 2059 1547.

315 2090 438 2158 Vester
454 2112 575 2157 seruus
591 2090 626 2157 in
642 2089 802 2170 Domino,

817 2206 1009 2293 Jonnnnas
1031 2224 1079 2271 oa
1103 2206 1284 2273 Pornnco.

316 2320 509 2405 Inscriptio.
533 2321 556 2408 †
585 2318 693 2406 Copia
720 2318 893 2387 literarum
915 2339 1129 2385 romanarum
1151 2320 1194 2385 ad
1215 2320 1335 2388 fratres
1356 2320 1469 2388 Loua-

248 2433 383 2502 nienses
399 2435 589 2502 missarum.

313 2551 432 2616 Altera
456 2551 644 2637 inscriptio,
664 2571 723 2617 sau
751 2550 879 2615 titulus
908 2549 1049 2617 Summa
1069 2570 1200 2632 eorum,
1222 2571 1309 2635 quae
1332 2551 1468 2636 scripsit

248 2666 290 2731 ad
306 2686 368 2732 nos
385 2666 491 2733 Rdus,
512 2666 614 2734 Pater
629 2664 789 2732 dominus
800 2662 1010 2761 Joannesde
1026 2666 1178 2732 Polanco
1193 2688 1235 2735 ex
1251 2667 1370 2748 Roma3
1388 2688 1466 2733 nam

247 2783 427 2866 quaedam,
447 2781 526 2867 quia
540 2780 822 2869 praecedentibus
838 2779 944 2848 literis
959 2793 1185 2866 expresserat,
1199 2781 1384 2849 omisimus.
1505 2805 1508 2812 ·

816 2928 902 3009 223

423 3057 687 3126 FRANCISCO
714 3057 921 3124 BORGIAE
946 3059 1058 3126 DUCI
1077 3059 1292 3125 GANDIAE

612 3188 711 3262 [aona
732 3201 765 3260 19
783 3201 964 3246 novariems
985 3191 1065 3261 1547]
1084 3190 1104 3243 ¹.

244 3311 376 3366 Litteras
389 3313 569 3367 transmittit
582 3312 738 3368 Francisci
750 3315 785 3367 dr
798 3313 954 3379 Mandata,
968 3313 1138 3370 cardinalis
1150 3313 1469 3385 cauriensis-Dipte-

297 3417 348 3454 ma
357 3401 511 3472 pontificis
527 3401 569 3455 ad
585 3401 792 3456 coenobiorum
809 3403 1048 3457 emendationem
1065 3403 1100 3457 ia
1119 3401 1306 3456 Catalaunia
1323 3403 1469 3474 archiepi-
1556 3465 1563 3472 ,

296 3495 381 3561 scopo
394 3491 559 3561 hispalensi
570 3495 625 3545 aut
637 3490 792 3545 valentino
804 3489 1028 3546 inscribendum
1038 3508 1098 3547 asse
1110 3493 1195 3547 dicit.

809 3616 887 3760 Jiis

313 3811 471 3896 Despues
487 3811 584 3878 desta
600 3824 674 3879 otta
689 3811 823 3894 escrita‚
842 3814 874 3879 ei
894 3813 1053 3880 cardenal
1074 3813 1117 3877 de
1138 3812 1242 3878 Coria
1262 3834 1317 3879 me
1339 3815 1383 3877 ha
1404 3812 1467 3878 im-

244 3925 346 3990 biado
374 3925 424 3992 las
451 3925 514 3991 dos
542 3947 609 4011 que
632 3948 699 3993 uan
724 3948 787 3993 con
809 3937 894 4010 esta,
920 3948 984 3993 con
1004 3949 1064 3994 sus
1079 3926 1206 4013 copias,
1235 3928 1268 3992 la
1296 3948 1364 3992 una
1387 3949 1467 4013 para

244 4041 287 4106 V.
309 4041 397 4108 Sria.
415 4063 438 4125 y
454 4041 486 4106 la
502 4051 576 4107 otra
591 4063 674 4128 para
690 4042 721 4110 el
737 4051 838 4109 senor
853 4045 915 4110 Dr.
935 4044 1072 4123 TorreS‚
1090 4065 1134 4110 en
1154 4040 1402 4128 prosequution
1424 4043 1468 4111 de

296 4283 307 4313 ³
345 4281 588 4354 Christophorum
610 4282 894 4338 Buschiducensem.
910 4282 957 4339 Cf.
976 4285 1247 4354 Hammonem,
1268 4285 1359 4339 Beati
1381 4283 1469 4340 Petri

244 4367 398 4426 Canisii...
413 4371 560 4441 epistulae
572 4377 600 4427 et
613 4376 692 4437 acta,
707 4373 732 4443 1,
742 4370 869 4440 253·256.

296 4461 306 4530 ⁸,
344 4461 468 4516 Daniele
482 4459 713 4530 Paeybroeckio.

297 4549 303 4579 ¹
342 4551 386 4603 Ex
408 4551 574 4622 apographo
595 4567 716 4622 coaevo,
730 4551 760 4608 in
782 4549 884 4607 codice
906 4551 1003 4623 Epist.
1022 4551 1150 4607 Polanci
1171 4569 1207 4607 ex
1227 4569 1345 4616 comm„
1369 4565 1381 4605 1
1405 4551 1469 4620 fol„
1516 4588 1520 4598 -

242 4654 272 4691 n.
287 4650 331 4708 47,
347 4639 428 4710 prius
442 4653 487 4708 50.
