3625 5400
793 460 857 496 z:
1448 493 1458 504 ,
1540 444 1951 499 Moxmffluu
1988 441 2343 495 lanuini-{A

725 596 1053 680 propriam
1089 615 1167 661 ac
1196 594 1528 680 privatam
1560 592 1906 661 sustinens
1929 613 2311 678 personam,
2340 591 2410 658 id
2439 594 2853 678 praestabat,
2884 593 3005 660 sed
3038 613 3167 661 nec

721 708 1081 792 vestigium
1117 731 1392 776 suarum
1425 709 1801 777 litterarum
1833 707 1903 773 in
1946 705 2184 776 codice
2224 708 2633 794 apponebat,
2680 707 2797 774 ubi
2840 719 2977 775 tarn
3019 707 3167 794 epi-

721 828 961 900 stolae,
1009 848 1174 912 quas
1217 825 1521 913 [gnatius
1562 825 2059 903 subscribebat,
2106 844 2307 908 quam
2351 824 2547 904 aliae,
2591 846 2630 890 a
2672 823 3037 891 secretario
3082 845 3172 889 ex

717 944 1184 1008 smnmissr'sne
1215 941 1594 1022 confectae,
1646 938 2035 1007 summatim
2069 949 2186 1004 aut
2230 938 2540 1025 integrae
2577 938 3161 1005 exscribebantur.

853 1060 1049 1140 Quae
1085 1060 1434 1142 hucusque
1457 1058 1544 1123 de
1567 1054 1811 1122 litteris
1834 1075 1920 1119 ex
1943 1055 2412 1120 commissione
2436 1054 2781 1140 disputata
2806 1066 2967 1121 sunt
2993 1056 3156 1141 (rna-

721 1172 965 1240 nifesta
1009 1171 1271 1256 jamdiu
1317 1171 1475 1252 illis,
1508 1170 1625 1256 qui
1672 1191 1788 1239 eas
1843 1169 1986 1236 suis
2028 1167 2243 1235 oculis
2290 1169 2795 1255 adspexerant),
2850 1169 3170 1236 omnibus

721 1288 989 1372 quid-sm
1029 1287 1369 1372 patefient,
1406 1308 1564 1353 cum
1595 1285 2105 1355 emendationes
2133 1286 2220 1350 ab
2254 1284 2520 1370 Ignatio
2554 1286 2771 1352 factae
2803 1284 2947 1351 suis
2995 1285 3169 1351 locis

721 1404 1221 1469 indicabuntur.
1259 1404 1456 1468 Tunc
1487 1400 1670 1468 enim
1700 1423 1838 1468 non
1871 1401 2074 1467 modo
2105 1401 2189 1466 de
2220 1400 2574 1467 voluntate
2621 1399 2867 1485 Ignatii
2900 1398 3169 1486 praeci-

725 1520 945 1604 piente
997 1532 1069 1584 ut
1116 1515 1477 1596 scribatur,
1530 1517 1652 1583 sed
1702 1516 1909 1582 etiam
1950 1516 2035 1582 de
2076 1515 2335 1582 ratione
2378 1514 2717 1582 scribendi
2765 1517 2850 1580 ab
2898 1515 3167 1601 Ignatio

721 1636 1109 1720 significata
1129 1632 1492 1721 constabit3
1517 1631 1991 1716 videbiturque
2015 1629 2385 1698 meridiana
2407 1630 2562 1697 luce
2587 1630 2835 1697 clarius
2860 1629 2953 1711 id,
2981 1631 3161 1714 quod

725 1752 865 1836 ipse
905 1752 1202 1816 Polanco
1244 1748 1534 1834 epistola
1575 1748 1660 1813 ad
1702 1745 2090 1832 Talpinum,
2137 1765 2214 1828 14
2247 1745 2503 1831 Aprilis
2561 1747 2724 1828 1548
2769 1747 2949 1828 data,
2994 1745 3164 1812 scri-

725 1868 949 1932 hebat:
997 1863 1321 1948 asccepit
1352 1862 1612 1928 litteras
1645 1871 1820 1941 tuaS,
1859 1860 2131 1926 domine
2161 1859 2445 1945 Talpine
2477 1859 2547 1925 in
2581 1859 2708 1926 Χ.0
2742 1858 3159 1939 charissime,

729 1992 953 2048 noster
989 1980 1053 2044 in
1093 1980 1207 2045 X?
1242 1981 1322 2045 P.
1361 1978 1690 2065 Ignatius,
1728 1975 2030 2062 mihique
2063 1980 2206 2063 (pro
2240 1996 2427 2041 more
2459 1975 2607 2060 suo)
2642 1987 2937 2042 mentem
2971 1996 3165 2041 suam

725 2096 1113 2180 aperienti-s,
1147 2093 1566 2161 rescribendi
1599 2092 1721 2158 tibi
1753 2113 1987 2158 curam
2019 2091 2396 2159 iniunxit...
2444 2091 2584 2159 Sed
2617 2100 2689 2154 vt
2728 2091 3165 2156 commissum
3256 2119 3263 2125 ·

729 2212 885 2276 mihi
921 2208 1373 2296 respondendi
1404 2229 1656 2274 munus
1686 2210 2057 2276 obeam...»
2096 2216 2230 2275 etc.
2270 2208 2373 2272 Ex
2405 2227 2541 2290 quo
2567 2205 2955 2273 testimonio
2979 2216 3169 2291 patet

733 2324 1089 2408 ignatium,
1125 2345 1282 2390 cum
1315 2323 1519 2389 alicui
1551 2344 1787 2389 curam
1831 2321 2173 2390 scribendi
2213 2320 2646 2406 injunxisset,
2692 2321 2970 2387 solitum
3017 2342 3169 2387 esse

725 2440 941 2508 eidem
977 2451 1272 2508 mentem
1305 2461 1499 2506 suam
1524 2438 1786 2526 aperire
1824 2441 1895 2504 ¹³.

857 2556 1053 2640 Quae
1085 2576 1240 2621 sum
1272 2555 1367 2621 ita
1406 2555 1567 2636 sint,
1603 2554 1944 2623 neminem
1978 2555 2121 2620 fore
2154 2553 2584 2634 arbitramur,
2622 2555 2739 2639 qui
2770 2576 2909 2620 non
2943 2554 3170 2621 videat

829 2701 873 2733 Π
953 2701 1119 2753 Plura
1144 2695 1354 2753 adduci
1380 2706 1623 2769 possent
1643 2688 1937 2768 exempla,
1956 2695 2172 2768 quibus
2193 2704 2354 2767 patet
2375 2712 2496 2769 eos,
2519 2696 2619 2769 qui
2640 2694 2939 2752 sodalibus
2960 2695 3170 2751 aliisve

729 2785 989 2857 persenis
1017 2785 1085 2841 tle
1114 2785 1328 2857 Ignatii
1354 2786 1626 2841 mandato
1651 2785 2009 2853 scribebant,
2040 2802 2150 2840 nec
2177 2794 2384 2857 sponte
2404 2802 2509 2840 sua
2528 2803 2657 2840 eam
2678 2785 3036 2856 provinciam
3056 2784 3171 2840 sibi

729 2877 1132 2946 assumpsisse,
1163 2891 1272 2930 nec
1302 2882 1699 2929 transversum
1720 2891 1977 2944 unguem
1992 2887 2307 2928 concessos
2333 2874 2551 2928 limites
2571 2874 2754 2929 fuisse
2780 2871 3173 2946 praetergres-

729 2981 845 3017 sos.
897 2965 969 3017 Et
1005 2981 1142 3017 sane
1177 2980 1292 3035 quo
1337 2961 1508 3019 modo
1543 2980 1719 3018 ausus
1752 2962 1964 3017 fuisset
1999 2963 2251 3017 Polanco
2294 2979 2402 3017 suo
2437 2963 2671 3018 nomine
2714 2962 2974 3018 scribere
3013 2962 3173 3017 Patri

733 3053 965 3113 Lainsz.
997 3051 1152 3125 qued
1178 3069 1251 3107 ex
1277 3051 1688 3107 commissione
1724 3050 2023 3106 scribebat
2057 3065 2089 3105 2
2127 3050 2284 3125 Nov.
2337 3063 2493 3120 1552:
2532 3053 2739 3106 «Estos
2766 3068 2990 3107 errores
3028 3050 3172 3106 mire

733 3141 801 3193 U.
841 3141 905 3193 H.
937 3141 1169 3195 delente
1194 3139 1268 3195 de
1296 3142 1441 3195 Dios
1468 3141 1543 3194 N.
1571 3140 1661 3211 S.,
1685 3158 1726 3213 y
1751 3147 1910 3194 tome
1943 3156 2048 3210 por
2085 3146 2205 3194 tres
2237 3138 2365 3195 dias
2400 3140 2612 3210 alguna
2648 3140 2881 3195 oracion
2918 3157 3056 3211 para
3094 3140 3172 3194 tal

729 3229 849 3281 esec
861 3241 937 3293 πη
969 3245 1005 3297 3⁷
1033 3229 1285 3298 despues
1312 3228 1561 3297 escriba,
1588 3228 1641 3282 si
1667 3228 1723 3283 le
1748 3245 1959 3298 parece
1985 3244 2100 3300 que
2127 3244 2269 3281 sean
2296 3244 2523 3283 errores
2558 3230 2592 3280 ὁ
2626 3226 2819 3299 falta3‚
2845 3246 2886 3299 y
2914 3227 3174 3283 tambien

729 3317 921 3389 escoja
945 3317 1001 3373 la
1029 3316 1357 3389 penitencia
1380 3334 1496 3390 que
1512 3319 1567 3372 le
1594 3320 1869 3389 parecera
1895 3333 2177 3388 merecer,
2204 3334 2245 3386 y
2270 3316 2506 3386 escrita,
2533 3318 2589 3372 la
2614 3319 2810 3373 envie.
2832 3318 2884 3371 Y
2910 3325 3079 3372 antes
3099 3316 3174 3372 de

729 3405 937 3461 recibir
965 3405 1037 3461 [le
1077 3404 1148 3459 N.
1190 3404 1257 3460 P.
1296 3414 1623 3478 respuesta,
1658 3423 1734 3461 no
1772 3407 1923 3478 haga
1958 3406 2216 3477 ninguna
2252 3423 2357 3478 por
2391 3414 2517 3460 esta
2554 3414 2821 3474 cuenta»;
2860 3405 3173 3479 quomodO,

733 3497 981 3565 inquam,
1009 3493 1065 3549 id
1085 3493 1372 3549 scriberet
1392 3496 1699 3562 PolancuS,
1723 3494 1836 3551 nisi
1859 3503 2018 3550 esset
2041 3512 2248 3550 revera
2266 3493 2327 3550 in
2347 3494 2681 3566 scribendo,
2702 3503 2767 3550 ut
2792 3495 3043 3566 ipsemet
3068 3494 3171 3549 ait:

737 3589 985 3653 affigam]
1005 3589 1037 3637 ιὶι
1065 3585 1258 3653 pluma
1282 3583 1357 3638 de
1384 3584 1458 3637 N.
1488 3584 1577 3652 P.,
1606 3601 1720 3657 que
1743 3601 1836 3639 me
1863 3585 1937 3639 ha
1963 3583 2249 3640 mandado
2274 3583 2592 3640 escribiese
2618 3586 2675 3639 lo
2699 3602 2813 3666 que
2849 3602 2922 3639 en
2959 3586 3072 3638 ella
3109 3601 3177 3639 se

729 3677 1057 3729 sentiemes.
1085 3673 1109 3729 i*
1133 3672 1295 3726 Idem
1321 3671 1547 3727 dicatur
1571 3673 1646 3727 de
1683 3673 1932 3746 epistola
1967 3687 2030 3729 21
2073 3674 2225 3728 Nov.
2269 3686 2427 3744 1545,
2463 3690 2616 3745 quae
2650 3674 2709 3728 in
2744 3674 2854 3728 hoc
2888 3673 3017 3743 ipso
3056 3674 3172 3727 vol.

729 3765 1081 3830 sentinetur,
1113 3778 1224 3834 qua
1248 3761 1314 3814 P.
1345 3763 1601 3832 Jacobus
1629 3762 1824 3818 Guido
1850 3764 1980 3817 Bto.
2005 3764 2193 3818 Fabro
2220 3761 2473 3833 injungit
2498 3771 2585 3826 ut,
2622 3762 2779 3817 omni
2813 3762 3177 3833 negligentia
3266 3764 3275 3775 ⁶

731 3849 965 3918 omissa,
993 3849 1498 3905 sommendatitias
1524 3851 1750 3906 litteras
1776 3868 1810 3905 a
1836 3851 2097 3923 principe
2124 3851 2393 3924 Philippo
2419 3868 2523 3923 pro
2558 3850 2932 3925 instauranda
2966 3867 3175 3906 coeno·

733 3941 953 3993 bimum
989 3939 1277 4009 virginum
1302 3937 1611 4012 disciplina
1630 3940 1921 3996 obtineat.
1950 3940 2104 3995 Vide
2124 3942 2336 3996 locum.
2360 3938 2480 3995 Sed
2499 3956 2690 4011 neque
2717 3939 3003 4011 exemplis
3029 3956 3178 4011 opus

729 4037 845 4097 est,
869 4045 1001 4081 *zum
1029 4029 1089 4081 in
1113 4026 1257 4099 ipsis
1284 4027 1598 4084 Societatis
1624 4029 1769 4100 Jesu
1795 4028 2354 4099 ConstitutionibuS,
2383 4035 2547 4099 parte
2568 4028 2673 4097 IX,
2693 4044 2821 4099 cap.
2847 4029 2904 4097 6,
2935 4030 3060 4082 «De
3081 4027 3176 4097 iis,

729 4133 877 4189 quae
901 4117 1105 4185 juvare
1131 4125 1408 4188 poterunt
1433 4116 1837 4189 Praepositum
1865 4118 2238 4187 Generalem,
2268 4124 2332 4173 ut
2351 4134 2458 4172 suo
2478 4116 2669 4171 officio
2691 4117 2843 4171 bene
2864 4116 3178 4187 fungatur»

729 4205 1025 4273 statuitur,
1057 4225 1113 4257 n.
1140 4205 1195 4275 8,
1223 4205 1339 4260 litt.
1370 4207 1436 4278 E,
1468 4212 1533 4260 ut
1556 4206 1769 4279 aliquis
1795 4206 2063 4261 minister
2088 4205 2143 4260 ei
2169 4206 2323 4261 adsit
2348 4206 2482 4278 «qui
2509 4222 2614 4278 pro
2649 4205 2929 4260 memoria
2963 4215 3025 4260 et
3060 4223 3179 4261 ma-

733 4293 901 4349 nibus
929 4293 1013 4345 illi
1045 4293 1119 4347 sit
1144 4292 1218 4347 ad
1244 4294 1456 4362 omnia,
1485 4312 1635 4367 quae
1661 4295 1973 4351 scribenda
1997 4304 2058 4350 et
2090 4294 2389 4350 tractanda
2423 4293 2675 4349 fuerint»
2717 4294 2885 4366 cujus
2921 4295 3176 4351 officium

729 4385 861 4449 erit,
893 4393 953 4437 ut
977 4385 1033 4437 in
1065 4383 1589 4439 Declarationibus
1609 4384 1680 4440 ad
1701 4386 1857 4440 hunc
1875 4386 2065 4440 locum
2086 4385 2429 4456 explicatur,
2454 4400 2563 4438 «ex
2584 4384 2857 4439 omnibus
2877 4384 3090 4440 litteris
3116 4391 3180 4439 et

733 4472 1235 4529 infnrmatinnibus
1259 4490 1545 4528 summam
1573 4474 1633 4530 in
1658 4492 1843 4546 pauca
1869 4473 2230 4546 redigere...;
2260 4482 2321 4529 et
2346 4482 2516 4545 prout
2541 4491 2606 4529 se
2646 4472 2929 4528 extendet
2965 4490 3179 4529 munus

729 4577 761 4613 a
789 4561 1065 4617 Generali
1093 4561 1484 4631 commissum,
1516 4561 1728 4618 litteris
1753 4563 1967 4635 poterit
1992 4562 2367 4635 respondere;
2391 4560 2521 4617 sive
2541 4562 2873 4630 Generalis,
2901 4563 3028 4619 sive
3050 4564 3177 4635 ipse

733 4649 1097 4705 secretarius
1123 4650 1199 4706 de
1225 4650 1409 4722 ipsius
1435 4651 1873 4724 commissione,
1900 4669 1999 4708 eas
2027 4653 2464 4708 subscribat...»
