3625 5400
586 497 691 554 Ernst.
714 495 1013 566 133.-14Auouss1
1033 501 1102 569 154⁶
1367 513 1421 576 499

229 657 314 730 mas,
333 649 514 730 deuiendo,
533 651 687 736 pagarlo,
713 672 737 734 y
758 670 826 734 que
840 670 886 735 yo
901 649 975 716 solo
989 650 1153 735 padezoa,
1169 671 1193 734 y
1213 669 1259 716 no
1279 648 1378 717 todos
1402 652 1456 718 los

225 786 295 852 que
309 787 347 833 se
363 766 514 833 hallaren
528 776 625 832 entre
638 763 810 851 Perpinan
825 786 848 850 y
864 763 993 833 Seuilla
1015 763 1091 831 aian
1112 765 1155 832 de
1176 785 1230 831 ser
1251 767 1452 850 quemados
1511 803 1515 814 ·

292 882 344 948 En
361 882 480 963 Roma,
502 882 546 949 de
565 889 663 947 santa
682 884 789 949 Maria
809 880 854 949 de
875 881 908 946 la
924 880 1080 962 Estrada,
1102 884 1122 946 a
1144 881 1195 947 los
1216 903 1238 946 x
1253 881 1297 948 de
1313 883 1453 967 Agosto

222 999 270 1067 de
289 998 401 1082 1546..

1101 1111 1229 1200 [linco]
1246 1123 1271 1180 ⁸.

804 1268 867 1348 133

253 1397 408 1466 PATER
434 1399 859 1468 BARTHOLOMAEUS
874 1399 1148 1466 FERRONIUS
1171 1398 1233 1464 EX
1258 1398 1410 1465 COMM.

450 1553 455 1562 ,
574 1512 712 1568 samu
735 1511 883 1570 esino
901 1509 1094 1570 CANISIO

626 1631 715 1674 noua
731 1630 764 1689 14
776 1629 915 1676 aueusu
932 1619 1000 1688 1546
1015 1621 1035 1672 ¹.
1062 1625 1064 1632 ¹

220 1713 337 1790 ignatii
348 1719 470 1774 nomine
480 1719 646 1773 Farronius
660 1716 784 1772 Conisio
796 1717 1064 1788 remordet—Suo
1077 1717 1206 1772 arbitrio
1213 1717 1366 1788 permittit
1377 1735 1446 1772 eum

271 1804 414 1862 Coloniae
425 1824 551 1862 morsare
563 1812 618 1862 aut
634 1808 724 1862 aliud
738 1809 907 1878 quidquam
926 1825 1029 1879 agere,
1045 1811 1139 1879 prout
1152 1809 1193 1862 ad
1210 1807 1351 1862 diuinum
1369 1807 1445 1889 obsa-

268 1895 375 1965 quium
387 1895 527 1966 expedire
532 1894 734 1966 judicaverit,
744 1897 833 1950 modo
843 1896 1003 1968 ignatium
1016 1896 1052 1951 de
1063 1913 1106 1961 ra,
1117 1911 1209 1966 quum
1219 1895 1372 1960 statuerit,
1383 1913 1443 1980 car-

268 1983 497 2055 tioremfaciat.

781 2083 874 2202 lhius

282 2260 484 2340 Reverende
496 2273 600 2338 frater
614 2270 651 2336 in
663 2269 816 2338 Christo.

278 2386 399 2454 Gratia
415 2398 450 2455 et
470 2409 565 2454 amor
585 2396 724 2455 eternus
744 2385 872 2454 Christi
899 2377 1029 2452 domini
1055 2386 1162 2453 nostri
1189 2387 1234 2452 sit
1261 2387 1437 2454 nobiscum

212 2523 360 2588 semper.
379 2504 505 2570 Amen.

276 2619 366 2684 Cum
378 2619 422 2684 ad
437 2629 472 2686 te
483 2619 621 2705 saepius
636 2618 882 2705 scripserimus
896 2619 1040 2705 etjuxta
1052 2629 1170 2684 votum
1183 2628 1292 2698 tuum,
1307 2616 1437 2705 saepis·

210 2734 363 2820 simeque
377 2734 480 2808 etiam
497 2745 574 2801 tuas
589 2735 720 2803 litteras
736 2736 976 2821 receperimus,
994 2714 1157 2801 iniramur
1169 2755 1230 2800 cur
1242 2744 1380 2802 nostrae
1391 2736 1435 2801 ad

208 2870 270 2916 vos
286 2850 424 2920 minime
435 2852 558 2919 allatae
573 2850 654 2918 sint.
683 2852 775 2919 luter
798 2852 863 2918 alia
879 2850 1115 2919 commisserat
1131 2850 1238 2917 Rdus.
1263 2852 1303 2917 Ρ.
1322 2850 1433 2916 domi-

208 2986 273 3032 nus
293 2966 449 3052 Ignatius
470 2968 678 3053 respondere
698 2979 778 3033 tuae
798 2963 970 3053 petitioni,
993 2964 1164 3043 videlicet,
1182 2964 1264 3049 quid
1280 2966 1323 3031 de
1339 2976 1432 3032 statu
1552 3054 1553 3059 ἵ

209 3091 269 3147 tuo
290 3081 463 3167 agendum
488 3093 591 3149 esset.
617 3081 886 3167 Relinquebatur
915 3080 1077 3185 adventui
1106 3082 1145 3147 P.
1176 3078 1277 3146 Fabri
1294 3078 1364 3165 (qui
1388 3079 1431 3145 ab

204 3197 381 3282 Hispaniis
396 3200 462 3264 hac
477 3197 513 3263 in
533 3196 718 3265 concilium
741 3198 898 3265 abiturus
918 3196 1015 3283 erat),
1038 3206 1076 3261 vt
1092 3194 1150 3281 qui
1169 3217 1225 3264 res
1249 3174 1431 3281 germanas

203 3312 329 3397 optime
344 3334 503 3397 noscens,
521 3312 571 3379 sic
587 3313 748 3400 vtrinque
763 3314 806 3381 de
822 3324 938 3381 vestro
954 3323 1036 3378 voto
1052 3314 1094 3378 ad
1115 3313 1259 3405 laudern¹
1272 3310 1338 3377 Dei
1354 3330 1428 3376 cer-

203 3425 271 3493 tius
287 3425 483 3514 disponeret
499 3450 540 3495 ac
556 3429 770 3498 satisfaceret
797 3430 822 3495 ¹.
853 3430 972 3513 Quum
996 3438 1109 3495 autem
1127 3429 1269 3493 Romam
1291 3425 1427 3493 tandem

200 3542 388 3629 appulisset
403 3555 437 3611 et
451 3548 491 3611 P.
510 3545 665 3631 Ignatius
681 3546 724 3609 de
741 3554 800 3609 tua
817 3564 948 3609 recum
971 3564 1014 3609 eo
1032 3542 1202 3627 coepisset
1214 3540 1320 3627 loqui,
1349 3551 1427 3607 tan-

201 3677 288 3743 gens
315 3660 359 3724 D.
386 3660 496 3725 Faber
522 3660 744 3727 necessitates
765 3658 987 3737 Germaniae,
1010 3656 1277 3740 existimansque
1297 3654 1427 3722 diutius

199 3793 239 3837 ac
256 3773 422 3839 maturius
434 3796 534 3860 posse
546 3775 706 3859 colloqui,
722 3773 1018 3843 indeterminatam
1031 3794 1102 3839 rem
1119 3772 1207 3839 inter
1219 3770 1312 3857 ipsos
1325 3771 1426 3839 foelix

198 3890 242 3955 D.
261 3890 363 3956 Fabri
378 3890 583 3957 obdormitio
599 3891 634 3956 in
650 3891 799 3958 Domino
814 3884 1009 3976 occupauit,
1024 3888 1311 3974 quemadmodum
1322 3886 1426 3954 larius

195 4006 286 4101 etde
298 4004 371 4072 aliis
384 4006 617 4091 spiritualibus
628 4008 741 4087 nouiS,
757 4008 984 4091 vndequaque
996 4004 1137 4085 habitis,
1150 4005 1193 4070 ad
1207 4005 1247 4070 P.
1260 4001 1424 4069 Bouadil-

249 4227 261 4255 e
279 4213 402 4267 Abscisa
414 4214 531 4277 charta,
543 4213 771 4283 subscriptionis
782 4213 813 4266 S.
824 4211 944 4282 ignatii
955 4210 1069 4264 summi
1080 4212 1201 4263 tontum
1213 4206 1312 4279 apices
1324 4224 1422 4263 rama·

194 4304 279 4365 κακὴ·
291 4299 385 4370 litigo.
407 4299 624 4371 Vitell.;1nigo.
641 4301 754 4366 Paris,
772 4298 943 4353 Manchoca.

197 4406 406 4416 ——-.——..

248 4451 256 4483 ¹
277 4475 279 4479 ,
294 4452 338 4505 Ex
354 4453 419 4508 cod.
436 4452 539 4508 Colon.
561 4452 771 4518 Ill,archet.1
791 4450 853 4522 fol,
874 4468 903 4505 n.
922 4450 983 4504 26.⁸
999 4450 1071 4503 Eam
1094 4448 1258 4504 ediderunt:
1274 4449 1419 4515 HANSEN,
1495 4514 1498 4525 Ι

192 4539 367 4595 Rheiniselza
378 4542 474 4597 Aleten
484 4561 540 4598 zur
553 4542 721 4597 Gesclriehta
733 4542 784 4595 des
790 4539 1052 4611 Jesuitanordans‚
1066 4554 1148 4610 paga.
1162 4535 1208 4606 63,
1222 4537 1267 4608 643
1278 4538 1421 4592 Earinus·

194 4640 331 4699 ennoea,
344 4646 392 4701 op.
406 4632 470 4698 cin,
489 4641 511 4685 t.
526 4632 548 4697 1,
565 4648 647 4703 pags.
667 4627 796 4685 211-213.
837 4635 857 4652 “

244 4723 256 4753 ²
294 4718 369 4775 Vide
382 4736 479 4793 supra,
492 4720 646 4793 epistolam
662 4732 724 4790 124,
738 4719 787 4775 die
800 4718 911 4791 2Junii
923 4717 1036 4803 datam.
