3625 5400
652 455 756 512 nprsr.
768 454 896 531 'roo-3
915 457 991 522 Man
1011 469 1080 526 1547
1390 459 1442 530 49³

252 627 299 672 no
315 609 358 674 ha
373 608 416 675 de
431 607 637 676 determinat
651 609 695 676 de
711 630 752 675 su
768 629 912 694 persona
927 611 1025 676 hasta
1040 631 1107 694 que
1123 615 1143 676 a
1160 613 1260 678 Mtro.
1276 608 1409 706 ignatio
1425 635 1477 681 es-

253 723 348 789 criua
362 746 386 809 y
401 724 440 792 S.
458 722 538 790 R.eia
553 725 586 791 le
600 725 728 792 ordene
743 726 776 790 la
793 722 872 791 uida
887 743 955 810 que
969 727 1013 792 ha
1029 725 1072 794 de
1088 737 1195 794 tener.
1213 729 1341 811 Parece
1353 749 1421 812 que
1432 732 1476 796 ha

253 840 371 908 estado
388 860 456 906 una
471 861 551 907 cosa
566 838 769 906 miraculosa
790 841 887 907 desta
902 839 1061 920 Cruillas‚
1085 862 1215 926 porque
1235 841 1354 910 siendo
1375 865 1474 930 sepa-

252 956 352 1022 radas
366 955 410 1024 de
424 957 456 1022 la
472 956 674 1042 Compania,
691 976 715 1041 y
730 957 874 1023 astando
889 975 955 1021 con
970 956 1002 1022 la
1017 957 1094 1025 Sra.
1109 959 1216 1024 Roser
1227 964 1301 1024 mas
1317 959 1360 1027 de
1373 965 1476 1028 treso

252 1082 375 1155 quatro
389 1091 500 1140 meses
511 1091 556 1140 en
572 1091 653 1138 casa
667 1071 712 1138 de
726 1075 869 1138 mosene
884 1073 973 1158 Joan
987 1071 1112 1152 Bosch‚
1125 1071 1242 1138 donde
1258 1074 1379 1142 acudia
1395 1077 1476 1142 toda

251 1186 284 1252 la
299 1187 411 1266 turba,
433 1208 457 1272 y
478 1196 609 1271 quanto
625 1191 699 1252 mas
719 1197 838 1252 contra
853 1194 1024 1266 nosotros,
1042 1196 1137 1253 tanto
1158 1193 1233 1255 esta
1246 1195 1320 1256 mas
1340 1190 1436 1258 firme
1452 1213 1475 1276 y

251 1313 429 1369 constante
443 1323 488 1368 en
503 1305 605 1368 fauor
616 1311 768 1368 nuestro
787 1303 819 1367 Y
835 1304 954 1368 mosen
969 1298 1081 1389 'Joan
1097 1304 1222 1384 Boron,
1240 1325 1308 1389 qne
1324 1306 1475 1374 tambien

251 1418 308 1484 fue
313 1422 336 1510 ᾗ
345 1418 607 1502 Barcelonacon
613 1417 708 1497 elias,
722 1418 767 1483 ha
774 1415 957 1496 conoscido
966 1415 1116 1483 tambien
1128 1418 1178 1484 las
1191 1420 1357 1488 uerdades
1369 1441 1474 1489 nues-

251 1543 331 1598 tras:
349 1555 373 1618 y
388 1553 432 1599 en
448 1553 510 1598 uer
526 1542 637 1599 tantas
652 1531 905 1616 imputationes,
921 1552 966 1597 no
981 1531 1053 1598 solo
1065 1554 1109 1600 en
1122 1509 1328 1615 RomaJrnas
1341 1555 1408 1620 que
1420 1535 1473 1602 di-

251 1669 367 1715 uersas
379 1668 542 1734 personas
554 1669 617 1713 nos
628 1646 798 1716 escriuian
810 1645 854 1715 de
871 1646 1071 1730 Barcelona,
1086 1646 1307 1717 maiormente
1323 1655 1442 1718 mosen
1460 1663 1474 1701 Β

251 1765 384 1848 Boquet
396 1763 422 1842 ⁴,
436 1769 565 1847 quanto
580 1764 647 1830 mal
658 1763 707 1855 de
713 1771 872 1829 nosotros
884 1783 923 1830 se
936 1761 1033 1830 dezia
1049 1783 1093 1832 en
1106 1763 1241 1847 aquella
1252 1746 1388 1848 ciirdad,
1407 1768 1475 1834 ha—

249 1877 432 1972 aiendosse
447 1879 573 1950 merito
589 1879 634 1948 de
649 1883 729 1963 aqui
743 1899 828 1964 para
840 1877 907 1945 alia
922 1877 954 1944 al
971 1879 1136 1946 hermano
1151 1879 1195 1948 de
1210 1879 1243 1945 13
1258 1881 1333 1948 Sra.
1352 1883 1468 1949 Roser.

314 1997 408 2076 Assi,
426 2004 546 2061 contra
562 1995 642 2060 toda
657 2004 798 2061 nusstra
822 1993 1000 2073 uoluntad,
1025 1993 1182 2078 forcados
1209 1995 1253 2062 de
1269 1995 1301 2062 13
1321 2001 1425 2063 razon
1447 2020 1473 2084 y

247 2108 354 2177 maior
374 2108 516 2176 seruitio
537 2110 581 2175 de
602 2107 689 2176 Dios
707 2110 753 2175 N.
781 2110 834 2190 8.,
851 2105 1039 2193 qneriendo
1059 2130 1082 2194 y
1098 2108 1301 2194 pareciendo
1317 2109 1470 2179 intensa-

248 2236 362 2293 mente
377 2227 409 2291 31
421 2226 475 2294 Sr.
490 2228 578 2314 Joan
590 2225 633 2291 de
650 2226 750 2310 Uega
764 2225 863 2308 yala
874 2225 949 2293 Sra.
964 2225 1029 2290 1).ι
1040 2225 1177 2292 Leonor
1188 2225 1325 2305 Osorio,
1339 2247 1380 2293 su
1392 2247 1470 2294 mu-

245 2362 320 2428 ger,
337 2361 403 2408 con
420 2342 527 2406 orden
542 2336 597 2408 del
614 2339 717 2406 Card.
736 2340 779 2407 de
795 2337 910 2424 Carpi,
930 2359 998 2424 qne
1013 2359 1051 2407 es
1066 2349 1239 2425 protector
1250 2341 1348 2408 desta
1364 2341 1450 2408 Corn

186 2457 201 2516 ’.
245 2461 357 2542 panio,
377 2455 500 2522 suimos
515 2455 766 2522 detenninados
780 2454 817 2520 in
832 2453 981 2522 Domino
992 2473 1074 2540 para
1090 2475 1160 2539 qne
1173 2457 1271 2522 rodas
1291 2476 1390 2524 cosas
1406 2478 1468 2524 ue·
1554 2517 1561 2530 .

246 2573 360 2640 nissen
376 2571 391 2612 ¹²
406 2595 450 2642 en
465 2571 615 2663 claridad
630 2577 650 2637 έι
666 2569 774 2637 maior
788 2568 898 2657 gloria
912 2569 1043 2636 diuina.
1433 2561 1437 2570 ’

310 2689 396 2756 Para
412 2689 445 2758 la
460 2699 591 2759 tercera
605 2687 769 2774 separada
783 2686 827 2754 de
842 2687 875 2753 13
890 2685 1079 2773 Compafiia
1095 2687 1120 2767 ⁸,
1139 2708 1202 2772 por
1218 2687 1335 2775 gracia
1350 2687 1472 2757 diuina

244 2808 363 2873 hemos
384 2804 518 2871 hallado
533 2804 681 2873 recaudo
700 2824 783 2889 para
798 2802 940 2869 meteria
955 2822 1001 2869 en
1016 2824 1063 2869 un
1083 2803 1289 2870 monasterio
1310 2826 1375 2871 con
1392 2828 1470 2873 mu·

244 2923 310 2987 cho
326 2920 618 3008 contentamiento
634 2942 657 3005 y
672 2917 811 2985 caridad
826 2928 925 2985 entre
940 2918 1053 2985 todos.

309 3038 401 3106 Sean
415 3033 566 3102 infinitas
588 3039 609 3101 e
632 3034 821 3101 incesabies
841 3032 976 3121 gracias
997 3037 1018 3099 a
1037 3032 1121 3100 Dios
1143 3036 1187 3103 N.
1210 3035 1249 3103 S.
1272 3057 1335 3120 por
1356 3046 1474 3103 tantos

242 3150 428 3220 beneficios
443 3173 467 3236 y
482 3161 627 3236 tantasy
643 3160 702 3218 tan
718 3148 920 3234 segnaladas
936 3146 1081 3235 gracias,
1096 3168 1163 3232 que
1179 3148 1325 3236 siempre
1341 3172 1403 3237 por
1418 3152 1471 3217 las

244 3290 304 3335 sus
318 3266 470 3333 infinitas
484 3264 734 3335 misericordias
748 3287 813 3339 nos
835 3268 932 3334 haze.

310 3386 363 3451 De
380 3384 488 3449 Roma
505 3402 525 3466 3
545 3383 590 3449 de
606 3381 697 3449 Maio
720 3397 817 3465 1547.
1201 3466 1203 3471 Ι

312 3500 493 3584 Inscrzptio
508 3520 529 3563 a
546 3502 656 3585 tergo,
674 3498 698 3585 †
719 3494 937 3565 Declaration
957 3496 1003 3564 de
1020 3497 1053 3563 13
1069 3496 1293 3565 declaratoria
1314 3497 1414 3563 sobre
1437 3498 1469 3561 la

244 3625 366 3685 seriora
378 3616 499 3682 Roser.

296 3820 308 3847 ο
344 3804 439 3858 Mons.
454 3818 522 3865 ms„
535 3802 587 3855 sed
594 3803 770 3871 perperam.
787 3800 859 3856 Vide
870 3802 955 3873 episi.
971 3800 1036 3855 168.
1079 3801 1126 3843 -s
1142 3796 1224 3854 Idem
1238 3799 1375 3871 intellige
1388 3816 1424 3853 nc
1435 3800 1469 3853 in

236 3890 430 3964 praecedenti
440 3893 545 3945 annot.
583 3904 633 3942 -s
651 3888 724 3943 Mos.
738 3906 793 3943 ms.
829 3890 880 3931 -h
899 3890 994 3944 Prius
1007 3890 1153 3961 scriptum
1161 3888 1230 3959 suit
1243 3886 1378 3955 fuessen3
1388 3892 1468 3960 post·

239 4002 286 4048 ea,
301 4000 361 4038 non
373 3980 472 4037 deleta
484 3980 589 4034 littera
605 3977 627 4042 f,
639 3978 871 4049 superadditum
882 3978 952 4049 suit
969 3978 1010 4048 ni,
1029 3982 1062 4032 ut
1079 3977 1232 4051 legeretur
1249 3974 1383 4047 ueniaen,
1401 3978 1465 4031 scil.

243 4073 389 4129 viniesen.

297 4247 308 4277 ⁸
345 4243 475 4313 Joannes
487 4242 612 4312 Boquet.
626 4237 703 4293 Vide
716 4238 869 4309 epistolam
886 4237 947 4291 168.

296 4335 307 4367 ⁶
345 4332 414 4387 Erat
428 4328 564 4384 Lucretia
576 4326 714 4383 Bradine.
