3625 5400
375 493 429 549 250
746 479 954 535 morosam
973 478 1153 536 1111111111

341 632 440 700 fiesta
455 633 487 701 el
502 631 686 699 ochauario
701 633 744 700 de
759 651 889 719 pascua
904 633 930 713 ⁴,
949 633 991 699 de
1007 653 1145 700 manera
1161 653 1227 719 que
1248 653 1294 718 ny
1310 633 1343 702 la
1366 630 1496 718 yglesia
1520 653 1566 717 ny

344 747 377 812 la
393 749 490 833 placa
504 768 550 814 no
569 748 666 814 cabla
686 748 729 813 de
750 757 867 834 gente,
890 747 923 814 la
942 748 1022 833 qual
1043 750 1126 814 hera
1146 745 1270 816 venida
1290 749 1323 813 al
1342 757 1462 814 sancto
1481 748 1564 832 bap·

347 863 457 930 tismo.
481 865 510 929 E
531 869 592 944 asi,
618 865 706 930 echo
725 864 757 932 el
778 869 926 945 sermon,
949 865 981 930 el
1003 863 1122 949 obispo
1142 863 1301 930 Cornelio
1319 865 1331 899 ³
1346 861 1482 949 vaptizo
1498 873 1567 931 trec

347 981 507 1045 hombres
520 1001 544 1064 y
558 980 623 1045 dos
634 1001 805 1066 mugereS,
820 990 916 1046 entre
928 980 979 1046 los
991 980 1108 1064 quales
1120 981 1197 1045 abia
1211 1001 1257 1043 vn
1269 980 1359 1046 rrabl
1372 1000 1453 1063 muy
1465 977 1567 1043 docto

330 1091 391 1160 'en
407 1095 440 1160 la
455 1095 523 1180 ley,
544 1115 611 1161 con
631 1117 677 1161 vn
696 1095 767 1180 hijo
785 1116 884 1180 suyo:
907 1100 927 1161 ἐ
947 1116 1079 1181 porque
1099 1105 1201 1180 tenya
1222 1100 1327 1162 treso
1347 1104 1471 1178 quatro
1492 1093 1592 1194 fijos·

347 1231 522 1295 pequenos
538 1231 581 1276 en
598 1213 751 1291 Mantua,
770 1233 807 1279 se
822 1210 948 1278 scrinio
963 1211 995 1277 al
1011 1210 1169 1277 cardenal
1185 1211 1228 1276 de
1248 1214 1389 1278 Mantua
1405 1231 1473 1294 que
1488 1230 1567 1295 pro-

348 1346 469 1395 curase
484 1347 551 1411 que
566 1327 618 1392 los
633 1336 728 1392 otros
743 1325 856 1393 iudlos
878 1348 923 1392 no
940 1327 993 1392 los
1015 1336 1180 1406 tomasen,
1203 1347 1276 1391 mas
1297 1346 1363 1410 que
1383 1325 1434 1390 los
1454 1323 1568 1392 fiziese

347 1440 509 1526 vaptizar.
527 1443 684 1527 Despues
699 1448 760 1509 aea
774 1464 813 1510 se
827 1431 896 1507 han
911 1441 1090 1528 vaptizado
1105 1452 1197 1506 otros
1213 1451 1321 1526 syete,
1344 1439 1444 1506 cinco
1459 1439 1568 1504 iudios

346 1577 369 1640 y
385 1557 447 1622 dos
463 1579 588 1637 moros,
605 1580 628 1642 y
644 1578 725 1623 aora
739 1579 783 1641 ay
797 1569 890 1622 otros
906 1577 973 1642 que
988 1578 1026 1624 se
1042 1555 1183 1641 quieren
1199 1555 1338 1622 tanbien
1357 1554 1520 1641 baptizar.

415 1673 580 1739 Tambien
596 1695 636 1739 os
651 1663 829 1740 scriuimos
844 1674 897 1740 del
914 1683 1101 1759 augmento
1117 1673 1160 1741 de
1175 1673 1208 1738 la
1224 1693 1303 1739 casa
1318 1673 1361 1740 de
1378 1672 1430 1736 las
1446 1690 1567 1755 muge-

349 1807 403 1854 rcs
419 1789 635 1872 peecadoras,
653 1789 814 1855 llamadas
829 1810 891 1874 por
906 1799 982 1854 otro
994 1789 1180 1856 nombrela
1191 1792 1371 1873 companla
1382 1788 1425 1854 de
1436 1787 1468 1852 la
1479 1786 1569 1852 Gra-

349 1901 396 1967 tia
411 1903 437 1986 ῗ.
454 1904 611 1988 Despues
627 1910 687 1970 aea
701 1924 739 1970 se
754 1905 799 1970 ha
813 1907 1003 1991 procurado
1019 1926 1084 1971 con
1101 1904 1246 1972 elCard.
1263 1905 1306 1971 de
1318 1901 1420 1988 Carpi
1436 1920 1502 1985 que
1515 1911 1569 1966 to-

350 2038 444 2084 mase
458 2019 490 2083 la
506 2018 694 2103 protection
710 2021 753 2086 de
768 2022 801 2086 la
817 2021 864 2087 tal
880 2042 971 2088 casa.
998 2023 1079 2088 Esto
1095 2020 1284 2105 impetrado
1305 2020 1348 2087 de
1363 2019 1400 2086 S.
1420 2018 1473 2096 S.,
1491 2017 1569 2082 des-

350 2136 436 2218 pues
450 2154 487 2200 se
503 2135 547 2199 ha
562 2137 752 2221 procurado
767 2156 834 2221 que
850 2139 991 2204 muchas
1007 2145 1145 2205 sehoras
1161 2146 1319 2205 entrasen
1331 2156 1375 2203 en
1390 2133 1569 2216 lacompa·

353 2253 421 2328 nia,
439 2269 477 2314 es
492 2255 513 2314 a
527 2251 638 2334 saber,
655 2275 699 2320 en
716 2262 811 2321 tener
826 2253 858 2320 la
874 2272 956 2320 cura
972 2255 1014 2320 de
1028 2253 1208 2338 ayudarles
1223 2273 1268 2318 en
1283 2273 1342 2318 sus
1358 2247 1569 2316 nescessida·

352 2364 424 2445 dae,
443 2369 462 2431 ἑ
478 2387 539 2452 asy
554 2376 628 2434 esta
642 2367 725 2434 obra
738 2389 802 2454 por
824 2369 941 2455 gracia
956 2370 999 2437 de
1015 2379 1154 2435 nuestro
1174 2369 1286 2436 Senor
1305 2373 1379 2434 esta
1395 2385 1476 2450 muy
1492 2362 1570 2430 bien

353 2481 512 2548 fondada.
538 2484 606 2549 Las
626 2505 786 2569 mugeres
806 2504 874 2567 que
899 2494 972 2552 asta
995 2505 1054 2550 ora
1075 2506 1137 2580 son
1159 2482 1322 2550 retiradas
1342 2482 1398 2548 del
1421 2477 1571 2566 peccado

352 2616 414 2662 son
431 2615 474 2679 24
491 2601 514 2678 ¹,
533 2599 583 2664 las
599 2600 717 2684 quales
732 2605 829 2665 estam
845 2621 910 2666 con
928 2610 1022 2666 tanto
1038 2598 1158 2686 spiritu
1173 2622 1195 2685 y
1212 2596 1424 2677 edificacion,
1439 2616 1504 2680 que
1521 2605 1570 2656 to·

405 2742 417 2772 ⁴
452 2740 565 2794 Pascha
576 2740 739 2797 dominicae
752 2742 975 2798 resurrectionis
989 2758 1064 2798 anno
1080 2740 1147 2811 1543
1160 2740 1264 2797 incidit
1281 2740 1311 2795 in
1325 2752 1358 2807 25
1376 2736 1483 2807 Martii,
1498 2752 1574 2789 anno

354 2839 423 2897 1544
436 2828 466 2882 in
481 2828 514 2883 13
527 2830 652 2900 Aprilis.

405 2918 417 2950 ⁸
452 2917 644 2974 Existimetur
662 2938 729 2975 esse
749 2921 900 2976 «Andreas
918 2920 1082 2989 Cornelius,
1093 2919 1220 2991 junior»,
1235 2918 1391 2990 episcopus
1404 2912 1572 2981 brixiensis,

351 3005 402 3077 qui
415 3006 620 3078 «Apostolicae
633 3008 774 3065 Camerae
786 3008 1010 3066 clericusfuit...
1025 3018 1056 3065 et
1073 2997 1128 3065 srib
1146 3008 1236 3063 Paulo
1254 3008 1292 3061 lll
1310 3005 1457 3061 Diaconos
1474 3000 1573 3057 Cardi·

352 3093 426 3149 nalis
438 3094 469 3149 S.
484 3095 629 3151 Theodori
640 3114 709 3153 arm.
726 3100 1019 3169 15441116111111113,
1036 3098 1130 3153 Italia
1141 3114 1240 3161 sacra,
1255 3096 1306 3168 IV,
1321 3095 1382 3163 562.

405 3185 417 3218 ⁸
453 3185 549 3239 Etiam
561 3186 634 3241 haec
646 3186 683 3242 ad
700 3188 859 3243 Xaverium
875 3188 984 3260 scripta
1001 3188 1083 3243 fuere
1102 3201 1136 3255 24
1155 3186 1227 3257 Julii
1247 3183 1324 3253 1543.
1346 3216 1366 3223 ⁴
1381 3183 1463 3237 Haec
1475 3188 1574 3234 autem

352 3271 498 3327 institutio
509 3273 715 3330 contundenda
727 3294 786 3331 non
799 3285 845 3331 est
857 3294 926 3332 cum
938 3278 1003 3345 alia,
1019 3279 1057 3331 ab
1071 3276 1133 3348 ipso
1147 3276 1260 3346 Ignatio
1273 3270 1402 3329 stabilita
1413 3271 1444 3325 in
1456 3269 1573 3323 misera·

352 3361 455 3416 bilium
465 3363 625 3433 puellarum
634 3367 834 3437 bonum,quae
845 3365 1086 3438 «parentumsive
1097 3366 1208 3421 incuria
1218 3365 1282 3419 sive
1292 3362 1375 3433 vitio,
1386 3368 1467 3415 certe
1477 3362 1576 3413 rerbm

352 3449 491 3519 adigente
503 3454 635 3524 penuria,
648 3454 678 3509 in
691 3454 821 3525 periculo
835 3457 1038 3523 versabantur,
1051 3472 1085 3509 ac
1096 3472 1183 3526 saepe
1197 3452 1355 3525 pudicitiae
1368 3447 1519 3518 naufragia
1533 3447 1574 3500 in·

353 3538 441 3610 digna
454 3538 636 3597 iaciebant...
655 3542 711 3598 Cui
724 3544 941 3600 incommodo...
957 3553 1022 3600 vt...
1037 3544 1154 3599 obuiam
1168 3542 1224 3597 iret
1241 3540 1380 3613 Ignatius,
1401 3536 1574 3592 coenobium

351 3626 383 3682 S.
397 3626 584 3698 catharinae,
597 3630 675 3703 quod
687 3649 705 3685 a
717 3632 850 3688 Funariis
867 3650 974 3689 nomen
991 3634 1091 3704 habet,
1109 3634 1201 3686 multo
1219 3631 1318 3685 labore
1334 3625 1514 3683 fundandum
1533 3625 1574 3677 in·

352 3717 581 3791 struendumque
587 3721 729 3775 curauit.»
740 3721 959 3793 OnLnNntutJS,
970 3724 1023 3793 IV,
1033 3722 1060 3777 8.
1073 3724 1139 3777 Alia
1150 3738 1219 3776 vero
1228 3720 1375 3776 institutio
1385 3716 1449 3772 sive
1459 3716 1575 3783 domus,

351 3824 427 3878 quae
439 3806 587 3862 interdum
601 3810 675 3863 male
688 3820 843 3881 nuptarum
856 3821 960 3866 vocata
973 3821 1029 3879 est,
1044 3812 1096 3867 «S.
1111 3812 1241 3866 Marthae
1253 3812 1341 3881 vulgo
1350 3807 1514 3873 dicebatur,
1524 3803 1575 3858 du·

351 3896 419 3967 plici
438 3914 475 3952 ex
491 3914 602 3967 genere
615 3898 799 3967 feminarum,
818 3902 910 3956 altero
929 3918 1039 3971 earum,
1052 3918 1127 3973 quae
1146 3898 1322 3955 matrimonii
1340 3898 1407 3967 lege
1420 3896 1545 3959 solutae,
1559 3910 1576 3945 a

351 3986 517 4041 meretricio
527 3996 651 4058 quaestu
662 4006 695 4043 se
704 3989 917 4061 reciperent...,
931 3992 1023 4045 altero
1035 4008 1146 4061 earum,
1157 4006 1232 4062 quae
1242 3986 1376 4060 quamuis
1386 3984 1416 4039 in
1431 3982 1575 4037 matrimo-

351 4075 400 4129 nio
411 4077 579 4145 collocatae,
594 4078 684 4133 vitam
697 4086 796 4134 tamen
809 4079 1035 4135 contaminatam
1049 4082 1205 4149 agebant.»
1218 4076 1437 4143 Oritanorum,
1454 4072 1508 4142 IV,
1528 4082 1574 4140 75.

352 4163 413 4232 Qui
425 4170 526 4218 auctor
538 4181 612 4237 opus
625 4166 662 4219 ad
671 4166 755 4221 Stae.
771 4168 947 4223 Catharlnae
960 4168 997 4223 ad
1010 4184 1118 4223 anuum
1133 4166 1212 4237 1543,
1226 4169 1281 4221 hoc
1295 4173 1474 4237 postremum
1487 4160 1571 4214 Stae.

352 4252 482 4307 Marthae
495 4254 531 4307 ad
546 4254 972 4323 1544111111111111111111111111,
993 4258 1072 4322 Vita,
1091 4257 1121 4311 in
1136 4256 1240 4311 eodem
1255 4257 1329 4323 loco,
1345 4253 1396 4309 lib.
1411 4252 1462 4320 111,
1475 4266 1542 4321 cap.
1559 4262 1576 4315 9

352 4338 424 4409 agit,
437 4342 507 4412 quin
521 4342 610 4397 immo
623 4344 702 4415 prius
715 4345 752 4400 de
765 4361 854 4417 opere
867 4345 897 4400 in
911 4345 983 4400 aede
1002 4346 1083 4401 Stae.
1107 4346 1238 4400 Marthae
1255 4353 1286 4399 11
1302 4342 1457 4399 sodalitate
1475 4336 1517 4393 ibi
1534 4336 1576 4391 in·

352 4428 466 4499 sutum,
481 4431 545 4485 ueni
557 4449 573 4486 a
586 4431 689 4489 Gratia
702 4436 807 4489 beatae
824 4434 944 4505 Mariae,
958 4452 1064 4491 nomen
1078 4442 1124 4491 est
1141 4434 1296 4500 inditum»,
1315 4447 1481 4488 sermonem
1496 4426 1575 4483 facit.

405 4522 415 4551 ⁷
454 4518 513 4573 «La
524 4536 592 4575 casa
604 4521 641 4577 de
654 4523 698 4577 las
710 4522 872 4594 pecatrices
886 4540 922 4578 va
935 4524 1081 4579 adelante:
1096 4527 1180 4579 estan
1196 4524 1301 4578 dentro
1319 4540 1356 4577 en
1374 4522 1431 4577 ella
1447 4520 1508 4575 16.»
1527 4518 1576 4573 Sic

352 4608 495 4679 scriptum
507 4608 544 4663 ad
556 4610 667 4664 calcem
686 4611 773 4682 epist.
792 4626 827 4681 24
847 4613 919 4682 Julii
939 4612 1007 4682 1543
1023 4613 1151 4667 Xaverio
1170 4612 1265 4683 datae,
1281 4611 1358 4684 quod
1374 4611 1493 4683 quidem
1511 4618 1576 4683 post

352 4696 493 4770 scriptum
506 4698 570 4755 sive
582 4698 813 4757 additamentum
826 4700 904 4757 diem
917 4700 953 4755 30
966 4700 1097 4773 Januarii
1110 4713 1178 4772 1544
1190 4701 1327 4774 praefert.
