3625 5400
1782 446 1808 479 1

848 543 944 598 142
1590 528 2004 583 Mortuum-A
2042 525 2396 581 lom-rnna

768 684 832 748 61
868 681 1106 747 mismo
1139 679 1398 766 tiempo'
1424 701 1558 765 que
1588 700 1663 747 se
1693 682 1850 746 auia
1881 679 1968 745 (16
1997 677 2120 743 dar
2149 676 2216 743 la
2245 676 2595 744 sentencia
2619 681 2661 743 ό
2685 676 3109 744 declaracion
3132 678 3222 743 de

771 798 1101 882 nosotros)
1136 819 1212 865 se
1244 797 1547 863 hallaron
1580 799 1738 880 aqui
1768 814 1859 860 en
1890 795 2131 873 Roma,
2167 801 2628 861 nueuamente
2655 791 2967 874 venidos,
3002 793 3065 861 el
3106 815 3222 860 rc-

768 923 977 992 gflnte
1005 912 1347 997 Figueroa
1378 912 1430 991 ⁹,
1465 911 1530 976 el
1562 910 1721 995 qual
1754 930 1865 975 mc
1896 906 2180 994 prendio
2211 929 2346 973 vna
2376 928 2503 976 vez
2545 928 2629 974 en
2664 908 2927 988 Alcala,
2974 930 3020 992 y
3062 908 3221 974 hizo

772 1047 1086 1112 processo
1118 1028 1242 1092 dos
1274 1046 1477 1094 veees
1508 1036 1746 1092 contra
1777 1028 1894 1107 mi,
1937 1045 1984 1109 y
2015 1024 2080 1091 el
2109 1021 2363 1089 vicario
2395 1022 2678 1109 general
2707 1023 2817 1089 del
2854 1023 3104 1110 legado
3132 1023 3222 1089 de

772 1141 1071 1209 *senecia
1102 1143 1176 1221 ¹⁰,
1205 1142 1269 1207 el
1296 1142 1451 1227 qual
1488 1139 1788 1206 tambien
1818 1139 1973 1223 hico
1997 1158 2316 1225 processo
2348 1147 2588 1204 contra
2619 1142 2711 1203 mi
2738 1137 3054 1225 (despues
3088 1159 3224 1223 que

768 1277 1239 1322 somenzamos
1270 1262 1311 1323 a
1343 1255 1651 1343 predicar
1675 1276 1762 1323 en
1796 1256 1862 1321 la
1887 1258 2154 1321 senoria
2179 1253 2265 1318 de
2290 1253 2638 1338 Venecia),
2674 1275 2720 1338 y
2743 1253 2807 1319 61
2831 1256 2955 1320 Dr.
2986 1253 3112 1321 Ori
3141 1254 3218 1334 ¹¹,

768 1392 903 1456 que
934 1372 1327 1438 ansimismo
1361 1371 1516 1457 hico
1549 1391 1868 1458 processo
1899 1391 1987 1436 en
2020 1371 2214 1435 Paris
2243 1380 2482 1436 contra
2512 1373 2628 1449 mi,
2663 1392 2710 1454 y
2742 1370 2806 1436 el
2851 1368 3092 1455 obispo
3135 1370 3224 1436 de

772 1484 1144 1554 Vincencia
1178 1500 1205 1526 ¹¹
1245 1488 1318 1568 ¹⁸,
1365 1487 1591 1554 donde
1632 1487 1846 1573 algi'm
1892 1506 2066 1571 poco
2098 1485 2185 1551 de
2229 1483 2480 1571 tiempo
2512 1483 2936 1571 predicamos
2985 1496 3125 1551 tres
3180 1491 3223 1551 ό

768 1613 1016 1688 quatro
1049 1604 1137 1670 de
1169 1613 1510 1683 nosotros;
1540 1624 1585 1687 y
1618 1605 1778 1682 assi,
1807 1601 2010 1667 todos
2040 1610 2223 1667 estos
2253 1597 2489 1666 diet-on
2523 1598 2911 1667 testimonio
2937 1600 3026 1665 de
3055 1621 3220 1667 nos·

772 1728 977 1784 utros.
1007 1719 1432 1785 Assimesmo
1464 1718 1565 1784 las
1595 1717 1923 1799 ciudadcs
1954 1718 2040 1784 de
2065 1715 2270 1796 Sena,
2298 1716 2386 1782 de
2418 1714 2728 1801 Bologna
2757 1737 2803 1800 y
2827 1717 2912 1782 de
2936 1716 3223 1782 Ferrara

772 1830 1119 1920 ambiaron
1152 1852 1269 1899 sus
1300 1832 1721 1899 testimonios
1752 1831 2139 1897 autenticos
2178 1835 2334 1916 aqui
2377 1831 2448 1911 ¹⁵;
2483 1851 2531 1915 y
2577 1830 2641 1898 el
2681 1830 2912 1915 duque
2951 1831 3040 1897 (16
3084 1831 3209 1898 Fea

772 1968 958 2012 rrara
999 1947 1070 2026 ¹⁴,
1107 1948 1341 2014 demas
1371 1949 1459 2016 de
1488 1947 1747 2014 embiar
1778 1945 2228 2027 testimonios,
2258 1945 2580 2012 tornando
2609 1966 2776 2030 muy
2799 1950 2840 2011 a
2870 1947 3125 2031 pechos
3156 1946 3221 2011 la

880 2164 907 2191 n
982 2149 1328 2219 Mincencia,
1355 2168 1467 2206 ms.

877 2338 901 2372 ⁹
975 2339 1064 2393 De
1091 2338 1317 2409 Joanne
1336 2338 1672 2410 Rodriguez
1690 2337 1765 2392 de
1785 2337 2076 2409 Figueroa
2094 2338 2240 2392 haec
2259 2335 2586 2405 POLANCO,
2612 2335 2860 2402 Chron„
2881 2338 2932 2410 1,
2951 2336 3040 2409 69:
3065 2339 3222 2409 «Qui

772 2424 1069 2498 Compluti
1115 2426 1561 2500 Archiepiscopi
1596 2427 1864 2502 vicarius
1898 2425 2108 2495 fuerat,
2146 2425 2364 2481 Doctor
2399 2425 2718 2497 Figueroa,
2752 2428 2829 2481 ab
2864 2427 3224 2498 Imperatore

776 2515 1079 2587 Neapolim
1106 2515 1323 2572 missus
1347 2516 1420 2571 ad
1444 2516 1651 2587 gravia
1674 2515 1936 2588 negotia,
1962 2514 2100 2570 inde
2136 2515 2196 2570 in
2222 2514 2566 2588 Hispaniam
2600 2515 2836 2570 rediens
2872 2516 2999 2586 (ubi
3031 2515 3105 2570 ad
3138 2515 3225 2570 di·

772 2604 1055 2672 gnitatem
1078 2605 1371 2661 Praesidis
1393 2605 1566 2677 Regii
1585 2603 1833 2662 Consilii
1853 2603 2184 2676 praefectus
2205 2606 2320 2675 est)
2339 2605 2559 2659 Romae
2579 2612 2721 2659 tunc
2739 2614 2923 2660 erat.»
2943 2604 3088 2676 Ejus
3107 2606 3223 2660 elo-

768 2692 932 2760 gium
959 2692 1117 2765 vide,
1144 2692 1194 2750 si
1219 2696 1434 2769 placet,
1454 2695 1609 2767 apud
1633 2695 1791 2751 Rmz
1816 2708 1902 2750 DE
1921 2695 2233 2750 VERGARA
2258 2707 2302 2750 Y
2323 2695 2568 2760 ALAVA,
2590 2694 2921 2765 FranciscO,
2946 2695 3223 2751 Historia

768 2780 868 2832 [1εέ
896 2778 1140 2854 Colegio
1177 2784 1340 2854 Viejo
1364 2785 1437 2839 de
1465 2784 1527 2840 S.
1557 2784 2013 2840 Bartholomd...
2036 2784 2108 2838 de
2136 2783 2526 2848 Salamanca,
2556 2785 2639 2839 2.⁸
2664 2783 2896 2839 edicion
2921 2784 3226 2856 corregida

772 2884 812 2937 3*
836 2870 1184 2926 aumentada
1210 2889 1315 2944 por
1339 2874 1415 2930 D.
1443 2874 1656 2944 Ioseph
1680 2871 1757 2927 de
1783 2872 2004 2928 Roxas
2031 2885 2074 2927 Y
2098 2871 2581 2943 CONTRERASJ„
2609 2881 2651 2929 t.
2680 2874 2731 2942 1,
2758 2890 2922 2944 pags.
2964 2873 3222 2944 295·3oo.

772 2957 929 3025 Quid
954 2968 1152 3015 autem
1181 2961 1394 3032 Borgia
1416 2960 1493 3016 de
1518 2962 1622 3017 tali
1649 2962 1778 3017 viro
1803 2960 2075 3031 sentiret,
2101 2960 2338 3033 scripsit
2362 2961 2488 3033 ipse
2515 2961 2784 3034 Philippo
2810 2962 2890 3033 11,
2910 2962 3070 3018 illius
3095 2980 3226 3019 sen·

772 3046 1012 3102 tentiam
1030 3050 1283 3120 roganti,
1297 3049 1434 3105 vide
1458 3052 1786 3119 ALcAzAR,
1804 3049 2344 3114 chrona-historia,
2367 3050 2416 3121 I,
2437 3049 2564 3120 377.
2578 3054 2795 3123 —Jam,
2808 3050 2884 3106 de
2902 3052 3053 3108 actis
3069 3068 3222 3107 com-

768 3137 1139 3205 plutensibus
1164 3138 1226 3194 in
1250 3156 1427 3195 causa
1452 3138 1565 3194 Sti.
1593 3138 1808 3210 Ignatii
1835 3147 2019 3209 agunt
2045 3138 2263 3211 passim
2299 3140 2615 3212 scriptores
2646 3139 2820 3212 hujus
2855 3140 3034 3197 vitae.
3075 3140 3227 3197 Con·

772 3225 1028 3279 ferantur
1052 3228 1365 3305 praecipue
1390 3230 1545 3283 Acta
1570 3228 1985 3291 consalviana‚
2013 3228 2267 3282 Polanco
2293 3245 2363 3283 ac
2389 3227 2797 3284 Ribadeneira.
2827 3230 2916 3283 Ex
2942 3231 3224 3286 recentio-

771 3313 929 3367 ribus
957 3330 1098 3368 vero
1120 3316 1429 3384 ASTRAm,
1448 3316 1749 3381 Historia,
1772 3316 1877 3371 lib.
1911 3315 1956 3386 1,
1977 3331 2030 3370 c.
2052 3331 2106 3386 4.
2129 3346 2170 3355 -—
2185 3317 2337 3371 Acta
2359 3333 2572 3371 causae
2595 3318 3019 3389 complutensis
3043 3318 3228 3374 edidit

772 3401 836 3457 Ρ.
872 3400 1043 3472 FrrA,
1072 3402 1133 3459 S.
1163 3406 1242 3477 J.,
1272 3405 1515 3461 Boletin
1542 3406 1615 3460 de
1640 3406 1705 3460 la
1731 3405 2065 3474 Academia
2090 3406 2163 3460 de
2188 3405 2251 3459 la
2277 3405 2580 3471 Historia,
2609 3414 2652 3461 t.
2689 3407 2965 3478 XXXIII,
2999 3424 3034 3461 a
3067 3408 3225 3480 pagi—

772 3505 848 3545 na
876 3486 1000 3556 431.

878 3575 923 3610 '¹'
995 3582 1223 3653 Gaspar
1246 3581 1323 3637 de
1349 3581 1579 3653 Doctis,
1600 3581 2006 3637 «decretorum
2025 3580 2253 3653 doctor,
2273 3584 2591 3638 canonicus
2610 3584 3012 3655 Torcellanus,
3034 3592 3228 3657 proto-

771 3673 1028 3729 asturius
1053 3672 1442 3744 apostolicus»
1470 3670 1724 3727 vicarius
1766 3669 2116 3742 Hieronymi
2150 3671 2406 3740 Verane,
2441 3671 2623 3743 legati
2655 3673 2952 3745 pontificis
2988 3673 3228 3729 maximi

764 3762 917 3833 apud
945 3768 1212 3817 venetos·
1242 3761 1571 3829 POLANCO,
1603 3758 1850 3824 Chron„
1877 3759 1924 3831 1,
1948 3760 2041 3830 693
2070 3757 2452 3832 ORLANDIm,
2479 3762 2522 3817 Ζ.
2548 3779 2598 3817 c.
2611 3781 2635 3829 ‚·
2669 3763 2821 3817 Acta
2852 3767 3228 3829 sanctorum,

764 3853 788 3905 1!
796 3893 808 3905 .
840 3869 910 3916 c„
940 3868 1038 3907 nn.
1069 3848 1305 3918 255-258
1331 3847 1615 3903 exhibent
1641 3847 1980 3919 exemplum
2006 3847 2337 3903 sententiae
2364 3856 2638 3919 venetae,
2677 3868 2791 3922 qua
2827 3850 3042 3922 Ignatii
3080 3851 3229 3907 inte·

760 3941 948 4009 ,gritas
972 3936 1490 3994 declaratur.—De
1518 3936 1784 4009 Gaspare
1810 3934 2018 3991 Doctis
2055 3934 2185 3991 sive
2214 3937 2432 4010 Dottis,
2458 3937 2676 4009 Ignatii
2702 3939 2909 4008 amico,
2941 3948 3003 3995 et
3030 3940 3228 3996 Socie-

768 4029 905 4083 tatis
930 4027 1218 4095 studiose,
1248 4024 1469 4081 redibit
1495 4040 1710 4080 sermo.

877 4118 917 4152 ¹¹
995 4116 1332 4171 Matthaeus
1360 4113 1488 4173 Ori.

876 4206 916 4239 ¹²
990 4205 1305 4260 «Nicolaus
1330 4203 1643 4259 cardinalis
1667 4202 2033 4275 Rodulphus,
2058 4203 2456 4275 Florentinus,
2477 4205 2709 4261 Patriae
2733 4206 3230 4281 Archiepiscopus

768 4293 1126 4366 animumque
1153 4292 1531 4349 ecclesiarum
1559 4291 2036 4381 commendator,
2067 4294 2218 4349 hanc
2243 4297 2423 4350 etiam
2449 4294 2824 4352 Vicentinam
2847 4297 3159 4353 ecclesiam
3196 4314 3229 4351 a

764 4381 1075 4437 Clemente
1102 4381 1215 4437 VII
1240 4381 1503 4455 suscepit
1524 4381 1845 4453 regendam
1878 4392 2044 4452 1524,
2078 4393 2142 4452 14
2179 4381 2394 4437 Martii.
2432 4382 2747 4440 Sexdecim
2784 4385 3024 4441 omnino
3058 4386 3231 4441 annis

764 4473 943 4525 etiam
968 4472 1185 4525 absens
1209 4470 1363 4525 rexit
1388 4487 1491 4543 per
1515 4470 1684 4542 alios,
1710 4470 2035 4543 habuitque
2070 4468 2514 4541 suffraganeum
2548 4471 2925 4529 Franciscum
2952 4473 3232 4531 Varchio·

764 4576 1033 4630 mensem,
1061 4558 1415 4631 Episcopum
1441 4559 1878 4616 castrensem.»
1904 4552 2216 4627 UGHELLI,
2245 4560 2437 4615 Italia
2460 4578 2658 4627 sacra,
2689 4562 2764 4634 V,
2796 4563 2955 4619 1066.

876 4649 919 4684 ¹³
995 4646 1273 4703 Afferunt
1295 4648 1442 4704 haec
1466 4648 1805 4704 testimonia
1831 4649 1986 4704 Acta
2009 4652 2384 4715 sanctorum,
2411 4666 2512 4706 nn.
2540 4648 2800 4720 302-307.

877 4740 924 4773 ¹⁴
998 4736 1288 4792 Hercules
1312 4736 1390 4791 11.
1420 4734 1805 4808 ORLAnmm,
1832 4736 1915 4808 11,
1940 4755 2002 4792 n.
2032 4749 2122 4807 51.
