3625 5400
469 555 572 612 Emsr.
595 568 728 626 ¹99·-¹5
747 568 812 613 nur
832 554 865 611 18
882 553 1045 614 octonas
1067 567 1133 626 1547
1324 568 1376 628 595

186 730 225 776 se
240 711 366 778 scrinio
380 733 447 796 que
459 714 560 779 Mtro.
580 709 791 796 Hieronymo
806 709 1000 796 predicasse
1015 709 1048 778 el
1064 710 1225 777 aduiento
1239 731 1263 796 y
1278 710 1311 776 la
1326 731 1410 796 qua*

187 847 298 894 resma
313 848 357 894 en
369 827 406 896 S.
422 828 588 907 Lorenzc,
602 825 632 892 si
647 847 693 892 no
707 826 895 893 solamente
911 845 948 892 se
963 835 1187 894 contentasen
1202 825 1287 894 ellos
1298 825 1343 892 de
1353 845 1414 892 sus
1482 829 1492 858 ⁰

189 942 357 1028 predicas,
375 963 458 1029 pero
473 963 543 1010 aun
558 953 716 1008 nosotros
732 943 756 1008 ¹.

306 1200 461 1267 rursu
480 1199 695 1288 Joauuus
717 1199 780 1267 us
804 1199 1031 1268 pornuco
1056 1201 1117 1268 ux
1140 1201 1293 1269 couu.

564 1312 697 1382 socns
715 1311 1039 1372 LOVANIENSIBUS

510 1424 598 1468 noun
621 1424 652 1481 15
671 1423 737 1468 nur
758 1410 967 1469 moerorum
987 1424 1055 1482 ¹547
1076 1413 1096 1467 ¹.

250 1512 405 1576 Scribant,
423 1511 479 1576 ait,
492 1527 580 1582 quom
591 1508 733 1580 judicent
747 1510 783 1564 in
799 1509 934 1566 Domino
950 1513 1057 1582 aptum
1075 1515 1109 1565 ul
1126 1512 1252 1568 caeteris
1268 1512 1356 1568 sociis

670 1603 808 1670 praeesse
820 1599 932 1654 valam.

769 1695 838 1818 nis.

256 1865 376 1934 Gratia
391 1876 428 1932 et
443 1888 509 1951 pax
523 1865 651 1932 domini
668 1866 774 1934 nostri
786 1870 869 1955 Jesu
886 1866 941 1934 X]
963 1865 1008 1933 sit
1029 1887 1108 1934 cum
1124 1867 1283 1934 omnibus
1305 1869 1415 1938 vobis.

191 1985 319 2050 Amen.

258 2099 390 2196 Ternas
417 2119 438 2163 a
463 2095 561 2163 vobis
589 2106 649 2165 aut
675 2108 859 2183 quaternas
878 2096 1011 2166 litteras
1033 2099 1228 2187 accepimus
1255 2099 1418 2186 proximis

191 2214 286 2285 hisce
319 2211 511 2294 mensibus,
544 2212 734 2280 charissimi
765 2213 800 2279 in
831 2215 921 2300 Xpo.
955 2213 1095 2281 domino
1127 2214 1264 2296 tratres,
1294 2215 1419 2300 quihus

192 2315 228 2394 vt
255 2330 495 2415 responderem
516 2327 707 2413 injunctum
733 2341 786 2396 est
812 2329 896 2396 mihi
924 2351 944 2396 a
969 2333 1070 2398 Patre
1094 2341 1211 2396 nostro
1234 2330 1270 2396 in
1296 2331 1417 2400 eodem

186 2447 272 2533 Jesu
290 2445 380 2530 Xpo.
399 2441 639 2530 D.¹¹⁰1gnatio;
661 2443 825 2511 hreuihus
846 2455 960 2513 tamen
981 2445 1015 2511 id
1036 2445 1157 2512 faciam
1178 2445 1214 2512 in
1234 2446 1417 2532 presentia,
1486 2531 1490 2540 .

192 2562 347 2626 facturus
370 2558 506 2646 plenius
525 2580 605 2625 cum
625 2558 725 2626 nobis
746 2559 939 2628 constiterit
959 2581 1047 2646 quae
1071 2561 1116 2627 sit
1137 2561 1235 2628 vobis
1258 2572 1420 2630 constans

176 2686 356 2761 'certaque
372 2674 541 2745 sententia
557 2675 647 2743 circa
667 2698 722 2743 res
742 2682 926 2764 eaS‚'quae
946 2698 1009 2765 per
1027 2688 1159 2747 vestras
1179 2676 1309 2748 litteras
1330 2678 1420 2766 (licet

90 2848 92 2853 .
191 2793 385 2878 complures
399 2792 479 2876 sint)
496 2812 616 2877 parum
634 2791 733 2859 nobis
752 2792 913 2861 videntur
927 2793 1106 2879 explicata.
1132 2793 1269 2863 Interim
1291 2804 1417 2875 tamen,

194 2909 286 2991 quod
302 2906 444 2975 valeatis
460 2928 640 2993 corpomm
656 2907 915 2997 animorumque
930 2907 1143 2988 habitudine,
1166 2910 1326 2993 quodque
1347 2911 1420 2975 Do-

193 3022 321 3103 minuS,
338 3044 429 3107 quae
443 3022 551 3090 victui
565 3033 680 3089 vestro
696 3034 777 3089 sunt
792 3033 996 3109 opportuna,
1014 3022 1164 3110 benigne
1183 3024 1281 3091 vobis
1304 3024 1420 3110 proui-

193 3138 294 3219 derit‚
313 3140 475 3225 quodque
500 3138 535 3203 in
563 3138 752 3207 litterarum
772 3136 1008 3223 virtutumque
1028 3139 1178 3205 studium
1200 3138 1416 3220 incumbatis

193 3264 392 3339 pergratum
409 3253 569 3321 omnibus
588 3254 689 3321 nobis
704 3263 757 3322 est
779 3256 824 3340 (et
845 3253 1006 3340 precipue
1027 3254 1121 3321 Patri
1137 3254 1282 3341 lgnatio‚
1301 3265 1338 3320 vt
1361 3254 1419 3340 qui

192 3392 274 3437 vere
291 3380 433 3455 paterno
450 3370 589 3457 [amore]
604 3392 687 3435 suos
702 3391 822 3437 omnes
835 3380 1061 3455 prosequatur
1073 3370 1186 3455 filios):
1201 3382 1350 3457 gratum,
1366 3371 1419 3436 in-

190 3508 306 3571 quam,
323 3485 358 3552 in
375 3484 514 3552 domino
530 3497 648 3552 nostro
660 3489 743 3574 Jesu
759 3488 865 3571 Xpo.,
883 3485 983 3552 cuius
1000 3487 1109 3553 honor
1124 3496 1159 3553 et
1171 3485 1281 3571 gloria
1294 3486 1419 3551 nostris

191 3601 411 3669 incrementis
427 3612 585 3687 augetur.

257 3717 326 3787 Sed
342 3740 462 3803 parum
484 3716 687 3803 explicatam
708 3716 914 3785 sententiam
934 3728 1083 3785 vestram
1104 3717 1174 3783 dixi
1195 3720 1419 3803 (constantem

190 3833 328 3918 quidem
344 3844 379 3899 et
396 3832 549 3919 certam),
567 3843 640 3898 tum
657 3842 823 3917 quantum
840 3832 992 3913 adeum,
1010 3832 1069 3917 qui
1081 3833 1269 3902 mittendus
1281 3842 1366 3911 erat,
1379 3841 1418 3909 ,vt

166 4090 172 4107 ·
245 4068 256 4097 ⁷⁸
293 4066 375 4121 Haec
395 4064 514 4137 quidem
536 4063 573 4118 ad
595 4070 801 4134 argumentum
818 4062 942 4134 hujusce
959 4064 1101 4135 epistotae
1118 4053 1252 4136 spectare
1270 4062 1416 4117 videntur.
1439 4051 1441 4057 ’

193 4156 297 4209 Utrum
307 4170 387 4209 ¹vero
404 4155 460 4209 hoc
481 4153 645 4208 litterarum
667 4150 858 4207 summarium
879 4150 922 4207 illi
941 4152 1110 4221 conveniat,
1124 4168 1229 4223 necne,
1247 4168 1281 4205 ac
1298 4151 1419 4224 proinde

190 4242 286 4297 eidem
299 4243 362 4297 viro
375 4241 537 4314 eodemque
549 4241 597 4295 die
610 4254 621 4295 1
635 4240 773 4298 Octobris
782 4240 850 4296 data
862 4240 902 4295 sit
915 4240 1039 4312 epistola
1053 4241 1081 4295 ei
1094 4240 1285 4313 respondens,
1296 4240 1419 4295 definire

190 4341 271 4385 certo
283 4347 341 4386 non
353 4346 519 4402 possumus.
534 4329 730 4384 Nihilominus
742 4328 806 4383 sive
819 4328 907 4399 hujus
920 4328 1063 4400 epistolae
1076 4330 1265 4384 summarium
1284 4329 1332 4396 sit,
1354 4329 1417 4384 sive

192 4438 260 4491 nom
270 4427 337 4491 post
349 4419 429 4474 illam
442 4418 641 4490 reponendum
650 4416 827 4489 judicamus,
838 4425 992 4489 propterea
1002 4418 1080 4490 quod
1091 4418 1120 4473 in
1131 4418 1235 4473 eodem
1246 4427 1418 4488 argumento

192 4518 222 4562 et
233 4508 311 4562 circa
324 4506 402 4562 idem
415 4514 532 4578 tempus
546 4514 689 4561 versatur.

243 4597 251 4629 ¹
290 4598 333 4651 Ex
346 4595 447 4650 codice
460 4595 615 4666 Epistulae
630 4596 745 4648 mixtae
762 4591 952 4665 (15391548),
966 4612 1065 4667 apogr.
1088 4608 1099 4649 1
1120 4593 1182 4665 fol,
1204 4613 1233 4649 n.
1257 4596 1316 4665 185,
1338 4594 1418 4667 prius

192 4685 253 4755 305.
265 4688 369 4741 Exstat
379 4685 469 4739 breve
479 4683 558 4738 illius
568 4682 773 4753 compendium
784 4682 815 4738 in
825 4684 943 4756 Rogat.
957 4684 980 4749 l,
992 4684 1041 4739 fol.
1057 4682 1133 4755 113r,
1143 4684 1273 4745 manul'.
1286 4684 1417 4754 Polanci,

192 4776 269 4847 quod
283 4778 338 4830 suh
351 4774 438 4829 finem
453 4773 595 4845 epistolae
607 4772 721 4827 damus.
1230 4766 1236 4785 ⁸
