3625 5400
615 586 618 595 .
668 513 834 569 APPENDtx
854 526 979 593 mm
1348 513 1402 583 739

208 681 244 719 os
259 665 345 739 guiar
359 681 376 721 e
390 666 606 738 acompanhar‚
622 684 741 755 porque
754 670 886 725 venham
901 686 921 724 0
936 686 1022 743 mays
1037 669 1116 726 cedo
1131 686 1193 742 que
1207 672 1272 743 seja
1294 669 1438 743 possiuel.

207 760 328 835 Tomay
344 760 444 819 d'esto
459 764 583 837 espicial
599 765 752 839 cuydad0,
767 783 828 838 que
843 784 862 823 ο
877 767 1042 841 receberey
1057 768 1096 824 de
1111 769 1168 826 v6s
1182 786 1232 825 em
1247 770 1366 840 seruiqo
1377 764 1398 825 ³.

270 860 387 918 Escrita
402 869 459 919 etc.
475 857 495 919 ⁴.
1310 857 1315 868 ’

269 958 341 1016 Alia
355 978 456 1019 mann.
472 958 547 1017 Pera
562 961 635 1018 dom
650 960 698 1019 P.⁰

811 1100 834 1177 2

602 1200 763 1298 pimus
784 1238 1055 1297 MASCARENIA

528 1388 668 1440 JOANNI
689 1388 732 1431 111
754 1389 842 1430 REGI
864 1389 1159 1432 PORTUGALLIAE

625 1517 713 1559 noni
735 1518 769 1559 ιο
785 1517 895 1559 namu
916 1518 985 1574 1540
1006 1509 1026 1561 ¹.

209 1618 331 1672 Narrat
343 1618 538 1675 Muscarenia
554 1621 628 1689 quid
644 1638 711 1675 cum
730 1620 854 1693 ignatio
867 1640 903 1676 ac
917 1622 1023 1688 Panlo,
1033 1621 1093 1689 ΙΙΙ,
1107 1620 1259 1694 pontifice,
1279 1622 1388 1694 egerit,
1408 1626 1441 1675 nt

261 1708 377 1779 aliquot
398 1727 413 1763 e
432 1709 579 1765 Societate
602 1711 678 1781 Jesu
705 1712 737 1765 in
761 1711 884 1767 Indiam
912 1712 1163 1767 minantum-ln
1185 1712 1326 1784 gratiam
1344 1712 1440 1781 soan-

262 1798 311 1851 nis
326 1798 382 1862 ΙΙΙ,
396 1798 480 1868 cujus
493 1800 626 1854 studium
641 1800 674 1855 in
683 1801 852 1855 christiana
859 1800 924 1873 fide
936 1800 1157 1872 amplificanda
1170 1800 1362 1864 dilaudatur,
1383 1802 1443 1854 dua

262 1888 303 1941 ad
316 1887 488 1963 missionem
502 1889 636 1943 indicam
650 1888 809 1959 exprimis
822 1889 941 1963 ignatii
952 1889 1040 1944 sociis
1052 1890 1256 1954 destinantur,
1267 1889 1373 1959 quibus
1382 1893 1442 1944 ter·

263 1976 323 2029 iius
335 1976 372 2029 ab
386 1976 508 2050 ignatio
521 1978 660 2041 additur,
676 1979 797 2033 natione
814 1978 919 2034 italus.

820 2098 837 2173 †
855 2127 861 2135 .

272 2229 398 2290 Senhor.
415 2230 488 2287 Esta
503 2232 542 2287 he
557 2248 630 2304 pera
645 2248 706 2303 que
721 2248 814 2287 vossa
829 2232 924 2289 alteza
939 2230 1035 2305 sayba
1049 2248 1083 2287 as
1097 2217 1196 2288 balias
1210 2249 1228 2287 e
1249 2229 1360 2287 breues
1380 2247 1442 2303 que

212 2336 277 2385 este
293 2346 399 2385 correo
414 2329 483 2385 leua
497 2328 553 2385 das
568 2328 748 2402 espediqaes
763 2346 824 2402 que
839 2329 857 2386 d
871 2346 928 2386 sua
942 2329 1060 2402 partida
1075 2331 1128 2385 sto
1148 2328 1312 2399 acabadas,
1334 2346 1351 2384 e
1372 2330 1444 2402 veja·

212 2444 246 2485 as
261 2428 366 2500 copias
381 2444 442 2499 que
457 2444 512 2501 per
526 2434 591 2483 este
606 2427 730 2485 mamdo
745 2427 802 2485 das
817 2432 1021 2501 soprycaeaes
1035 2444 1097 2499 que
1110 2426 1202 2485 ficam
1217 2427 1378 2501 asynadaS.
1402 2472 1408 2484 .
1432 2470 1440 2483 .

273 2624 407 2698 Quanta,
422 2625 543 2694 sentior,
563 2640 617 2680 aos
639 2625 801 2700 crelyguos
823 2624 1024 2695 reformad05‚
1044 2640 1105 2696 que
1126 2640 1208 2699 aquy
1230 2641 1295 2680 sam
1317 2623 1439 2680 vimdos

212 2721 252 2778 de
267 2721 370 2796 Parys,
386 2721 476 2780 sobre
491 2705 552 2794 que
567 2739 616 2779 me
631 2723 668 2780 V.
685 2723 721 2781 A.
737 2739 884 2780 escreueo
900 2740 918 2779 e
932 2722 1067 2779 mandou
1082 2724 1174 2779 huma
1185 2731 1268 2780 carta
1278 2722 1318 2778 de
1330 2730 1442 2778 mestre

211 2819 336 2896 Dioguo
351 2819 390 2876 de
405 2818 555 2891 Gouueia,
571 2838 609 2876 eu
624 2838 673 2878 me
688 2821 845 2894 enformey
857 2820 929 2877 bem
941 2821 980 2877 de
992 2838 1084 2893 quem
1096 2820 1169 2877 elles
1181 2831 1339 2902 55031ep0r
1351 2822 1444 2877 achar

211 2935 285 2974 aver
298 2917 394 2974 nelles
408 2917 538 2975 todallas
553 2919 718 2989 calidades,
733 2936 793 2991 que
809 2935 949 2976 comvem
963 2936 1002 2976 ao
1018 2919 1127 2976 cseicto
1143 2935 1216 2993 pera
1230 2935 1291 2990 que
1306 2936 1341 2974 os
1352 2919 1390 2976 V.
1402 2918 1440 2976 A.

212 3033 296 3088 quer,
315 3017 365 3073 lhe
384 3017 463 3091 ialey
482 3017 576 3092 loguo
595 3017 635 3073 de
654 3035 709 3074 sua
728 3025 822 3091 parte.
839 3017 1136 3091 Respondetem-me
1151 3034 1212 3089 que
1233 3033 1304 3073 nam
1325 3017 1442 3073 tinham

212 3132 332 3188 queret,
347 3132 404 3188 por
418 3131 468 3171 em
483 3114 616 3188 espiciall
632 3133 651 3171 o
666 3123 761 3172 terem
776 3115 925 3172 remetido
940 3132 978 3170 ao
993 3132 1073 3188 papa
1088 3132 1145 3187 por
1159 3131 1214 3170 seu
1228 3121 1312 3183 v0t0,
1327 3131 1344 3169 e
1360 3121 1440 3171 esta-

213 3231 284 3270 uam
305 3220 422 3287 prestes
442 3230 515 3286 pera
534 3215 609 3270 irem
629 3213 710 3270 onde
731 3231 766 3269 os
786 3213 842 3269 elle
868 3212 1025 3278 mandase,
1050 3212 1151 3269 aimda
1175 3229 1236 3284 que
1262 3212 1343 3268 fosse
1365 3213 1442 3268 mais

212 3313 303 3386 lomje
319 3327 379 3385 que
394 3311 411 3367 ά
426 3310 522 3369 lmdia
538 3309 558 3368 ².

272 3409 350 3468 Com
364 3418 432 3484 ysto
448 3410 526 3484 satey
541 3428 580 3468 ao
596 3417 686 3485 papa,
701 3409 908 3466 dizemdo-lhe
924 3425 941 3464 a
955 3417 1087 3482 temeam
1106 3407 1146 3464 de
1166 3407 1204 3465 V.
1223 3405 1271 3477 A.,
1293 3425 1309 3463 e
1332 3426 1441 3482 supry-

212 3510 377 3567 cando-lhe
392 3509 431 3566 da
447 3526 502 3566 sua
516 3517 601 3583 parte
617 3526 687 3581 que,
703 3526 736 3565 se
751 3515 832 3564 estes
847 3507 1009 3582 crelyguos
1020 3525 1103 3564 eram
1114 3513 1181 3563 taes
1192 3523 1282 3563 como
1295 3523 1441 3580 comprya

211 3625 249 3666 ao
264 3607 366 3682 efeyto
381 3624 454 3681 pera
469 3625 529 3680 que
545 3625 580 3664 os
595 3607 633 3667 V.
649 3607 686 3664 A.
702 3623 827 3682 qua,
843 3623 945 3680 epera
956 3623 1017 3678 que
1028 3623 1122 3662 nosso
1134 3605 1253 3661 Senhor
1263 3605 1380 3677 podese
1393 3621 1442 3661 ser

208 3707 343 3782 seruydo
357 3704 453 3763 d'eles
468 3723 570 3763 coma
585 3706 764 3778 edificaeam
779 3705 950 3778 d'aquelles
965 3721 1074 3778 p0v0s‚
1085 3720 1146 3775 que
1158 3710 1342 3759 novamente
1358 3719 1440 3759 eram

264 3915 274 3945 ³
312 3911 388 3965 Vide
402 3911 556 3982 epistolam
571 3918 756 3982 sequentem.
1054 3955 1059 3963 .

263 4004 275 4036 ⁴
311 4000 503 4055 Desideratur
517 3997 669 4069 temporis,
682 4013 741 4070 quo
755 3996 880 4069 epistola
892 3996 960 4052 data
974 4006 1039 4066 estf
1050 3995 1211 4062 annotarim
1231 4002 1262 4048 at
1279 4011 1316 4048 ex
1336 3994 1444 4049 litteris

211 4090 420 4158 Mascareniae,
434 4090 450 4142 8
464 4087 648 4159 Septembris
668 4085 736 4155 1539
752 4085 837 4154 datis,
858 4093 975 4140 constat
994 4087 1138 4156 joannem
1155 4084 1198 4138 111
1210 4082 1259 4138 die
1276 4098 1293 4151 4
1312 4084 1443 4154 Augusti

210 4178 342 4251 ejusdem
355 4179 424 4233 anni
438 4178 544 4232 oratori
558 4193 612 4232 suo
633 4175 798 4248 scripsisse.
813 4174 905 4230 Porro
918 4173 1117 4229 Mascareniae
1131 4173 1247 4228 litterae
1260 4171 1358 4227 editae
1374 4180 1444 4226 sunt

210 4269 345 4340 inopere
368 4265 465 4338 Carpo
483 4266 680 4338 diplomatico
697 4268 876 4338 portuguez.
899 4263 1043 4334 Relaedes
1062 4279 1127 4316 com
1149 4277 1166 4315 a
1188 4260 1275 4316 Curia
1299 4261 1443 4329 Romana,

211 4376 232 4422 t.
248 4367 301 4434 IV,
314 4381 381 4437 pag.
400 4377 460 4433 109.

264 4457 271 4488 ¹
310 4456 354 4509 Ex
367 4455 481 4510 archet.
500 4453 529 4508 in
547 4455 611 4508 cod.
631 4453 761 4524 Ulyssip.
783 4451 896 4516 V11,ff.
918 4463 1048 4519 215·220.
1061 4449 1102 4503 Ea
1122 4455 1236 4502 tantum
1257 4445 1444 4518 transcripsi·

210 4563 290 4613 mus,
308 4561 384 4617 quae
405 4543 443 4598 ad
463 4543 642 4598 Societatem
662 4549 791 4598 nostram
811 4540 991 4608 reseruntur,
1011 4556 1087 4612 quae
1106 4537 1225 4610 quidem
1244 4538 1390 4592 habentur
1410 4535 1443 4590 in
1530 4566 1533 4572 ·

210 4635 260 4691 fot.
277 4634 338 4690 218.

262 4730 273 4760 ⁹
311 4724 387 4779 Vide
400 4725 555 4797 epistolam
570 4721 763 4794 superiorem.
