3625 5400
613 404 792 479 ‘Aerarium
811 422 1116 479 rmum-Ammon
1401 438 1455 497 725

173 596 179 609 ·
257 584 313 639 tur
329 574 504 660 periodus,
523 580 608 645 haee
625 577 806 644 addantur:
828 575 948 661 «largo
964 581 984 641 a
1001 576 1124 657 Fabro,
1142 576 1187 644 de
1206 576 1309 664 quien
1325 600 1362 645 se
1378 581 1491 665 puede

129 678 151 725 *
254 692 362 757 haber
378 691 603 761 informacidn
616 704 747 761 entera.
767 693 875 760 Cesso
892 692 1047 777 rogando
1062 698 1083 758 a
1098 692 1186 761 Dios
1201 696 1247 761 N.
1265 695 1302 762 S.
1323 716 1383 779 por
1398 696 1431 762 la
1445 717 1489 763 su

254 804 392 873 bondad
408 808 542 877 infinita
558 832 621 877 nos
642 808 760 894 quieta
780 809 842 873 dar
862 830 903 875 su
921 807 1038 893 gracia
1059 808 1228 896 complida
1251 832 1333 896 para
1353 832 1422 895 que
1443 834 1486 879 su

251 922 429 991 santisima
446 925 613 991 voluntad
628 924 793 991 sintamos
809 947 831 1009 y
847 923 982 1008 aquella
1002 898 1238 993 enteramente
1258 927 1482 1011 cumplamos

252 1039 305 1103 De
321 1039 474 1106 Venecia
490 1060 509 1125 3
526 1041 570 1109 de
582 1039 790 1108 Noviembre
803 1040 845 1106 de
862 1039 948 1123 1536
959 1040 984 1104 ³.
999 1041 1053 1106 De
1064 1040 1202 1105 bondad
1213 1041 1333 1127 pobre,
1348 1040 1481 1127 litigo.»

251 1154 349 1249 Haec
366 1156 472 1223 verba
490 1178 533 1223 ex
554 1157 625 1223 cod.
657 1156 764 1223 Vitell.
789 1154 1013 1235 desumimus,
1039 1154 1098 1219 ubi
1121 1176 1236 1223 errore
1256 1155 1385 1222 librarii
1408 1157 1482 1242 epi·

249 1271 339 1335 stola
354 1268 391 1335 in
405 1270 492 1338 duas
509 1283 621 1357 partes
637 1270 746 1337 divisa
761 1282 826 1339 est:
845 1268 953 1354 prima
968 1267 1147 1354 epistolam
1162 1273 1228 1337 sub
1244 1293 1278 1337 n.
1297 1293 1320 1358 9
1335 1271 1480 1357 positam

243 1385 498 1470 complectitur;
517 1389 623 1454 altera
640 1386 792 1467 ultimam
809 1384 974 1471 epistolae
990 1396 1132 1470 partem,
1150 1384 1224 1452 scil.
1248 1389 1354 1453 verba
1374 1409 1479 1474 supe·

247 1498 319 1568 rius
336 1500 370 1567 in
389 1503 455 1568 hac
472 1503 694 1571 annotatione
710 1501 837 1581 addita3
856 1522 958 1586 porro
973 1511 1088 1569 autem
1106 1500 1194 1569 inter
1215 1504 1277 1568 has
1296 1504 1383 1569 duas
1398 1525 1477 1589 par·

247 1624 310 1696 tes,
330 1637 416 1701 quas
431 1616 592 1698 diximus,
610 1617 802 1705 epistolam,
820 1616 854 1683 in
871 1594 944 1683 cod.
968 1617 1075 1682 Vitell.
1095 1638 1131 1683 n.
1150 1634 1215 1704 295
1232 1616 1418 1704 signatam,
1437 1619 1475 1685 li·

244 1731 348 1798 brarii
365 1730 665 1819 transcripserunt.

312 2082 397 2167 Pag.
423 2100 496 2148 111.
545 2081 704 2148 Addatur
732 2080 951 2147 annotationi
983 2100 1011 2148 1:
1044 2081 1169 2148 «Aliud
1192 2092 1304 2149 exstat
1327 2088 1493 2169 apogra-'

236 2197 346 2282 phum
368 2196 401 2261 in
424 2197 495 2262 cod.
519 2198 618 2262 Rom.
641 2198 707 2278 111,
726 2198 784 2263 sol.
809 2216 864 2284 49,
883 2196 918 2262 in
935 2218 1004 2281 quo
1024 2195 1218 2282 scriptionis
1238 2196 1312 2263 dies
1327 2198 1469 2284 apponi-

237 2322 297 2375 tur
318 2329 330 2377 1
351 2312 568 2379 Novembris.

304 2658 390 2744 Pag.
415 2676 488 2744 131,
515 2659 537 2725 1.
564 2659 596 2724 6.
646 2637 746 2727 Adde
773 2658 861 2726 inter
889 2661 994 2728 verba
1024 2658 1218 2745 «replicauiz
1244 2669 1313 2727 eti:
1347 2660 1466 2727 «Tunc

238 2772 341 2839 vultis
358 2773 459 2841 etiam
476 2775 561 2839 mihi
577 2797 636 2841 eas
651 2775 784 2842 solvere
799 2797 841 2842 ex
859 2785 954 2860 parte
966 2786 1114 2853 vestra»
1129 2777 1168 2841 ln
1180 2775 1334 2860 exemplo
1346 2775 1391 2841 ad
1403 2799 1466 2844 nos

235 2909 278 2954 ex
295 2888 486 2956 londinensi
503 2891 589 2958 urbe
606 2890 709 2957 misso
729 2890 925 2976 hujusmodi
941 2891 1046 2957 verba
1061 2889 1310 2971 desiderantum
1329 2892 1389 2957 sed
1413 2891 1465 2956 vi-

230 3003 335 3069 detur
351 3005 457 3071 errori
473 3005 600 3071 librarii
619 3005 850 3086 tribuendum;
869 3027 948 3071 nam
965 3025 1006 3072 ea
1023 3004 1239 3091 reperiuntur
1255 3005 1289 3070 in
1307 3007 1463 3092 exemplo

225 3119 323 3185 edito
339 3119 374 3185 in
393 3120 528 3206 anglica
544 3121 763 3206 ephemeride
779 3124 912 3186 Lelters
927 3121 999 3186 and
1016 3122 1161 3200 Notices,
1173 3133 1278 3204 atque
1293 3121 1384 3186 idem
1398 3143 1461 3187 no·

230 3234 282 3299 bis
297 3234 433 3320 scripsit
451 3237 558 3302 Rdus.
578 3239 619 3302 P.
639 3238 805 3318 Brucker,
824 3236 968 3322 gallicae
989 3234 1217 3320 ephemeridis
1234 3236 1363 3300 Etudes
1386 3257 1460 3302 mo·

225 3349 378 3430 derator,
397 3351 455 3435 qui
473 3352 673 3417 londinense
690 3353 863 3436 exemplar
879 3349 1023 3437 propriis
1039 3349 1148 3417 oculis
1168 3348 1389 3418 examinavit.

293 3699 398 3782 Pags
423 3714 581 3781 145-147.
631 3702 685 3766 De
700 3697 855 3784 epistola,
873 3701 949 3764 sub.
967 3721 1001 3764 n.
1030 3717 1069 3785 19
1089 3707 1266 3777 contenta,
1285 3699 1373 3763 hanc
1395 3718 1456 3764 ac-

222 3847 279 3901 bus
293 3846 508 3918 adjuvaverint,
524 3856 698 3920 perpetuum
712 3857 758 3903 est
775 3847 852 3921 apud
871 3855 987 3903 nostros
1005 3846 1164 3918 scriptores
1181 3845 1342 3914 silentium;
1356 3863 1456 3919 quem-

223 3953 310 4006 quam
320 3934 449 3991 dubitari
460 3937 562 4010 nequit
576 3953 633 3992 non
646 3936 777 3993 defuisse
791 3939 854 4010 pias
872 3946 1032 4003 matronas,
1054 3953 1131 4008 quae
1148 3936 1198 3990 hic
1215 3937 1304 3990 etiam
1323 3937 1400 3990 bene
1417 3935 1455 3991 de

223 4023 338 4092 lgnatio
352 4033 545 4081 mererentur.
560 4025 680 4080 Mariam
701 4043 781 4094 iero,
796 4025 881 4096 cujus
899 4041 1006 4080 nomen
1025 4041 1104 4078 nunc
1121 4024 1247 4096 primum
1265 4023 1295 4078 in
1313 4024 1394 4078 hisce
1412 4025 1455 4078 hi·

219 4111 342 4182 spanice
354 4111 431 4166 datis
445 4113 552 4169 litteris
565 4114 703 4185 occurrit,
718 4114 891 4185 conjicimus
905 4114 1058 4185 hispanam
1071 4130 1105 4167 ac
1118 4112 1248 4168 nobilem
1268 4129 1335 4168 esse
1349 4121 1455 4168 matro-

220 4217 299 4266 nam,
314 4218 330 4254 e
343 4200 430 4256 domo
443 4201 568 4258 fortasse
582 4203 742 4259 caesariani
756 4203 832 4276 apud
846 4203 962 4259 Galliae
975 4219 1076 4273 regem
1091 4201 1225 4256 oratoris.
1249 4210 1256 4224 ·

274 4291 285 4320 ⁵
322 4291 355 4344 In
370 4307 423 4344 ms.
443 4290 551 4347 dicitnr
568 4291 685 4364 «1537»,
708 4293 760 4348 sed
783 4309 936 4365 perperam
959 4294 1072 4364 absque
1092 4290 1194 4350 dubio.
1220 4290 1328 4361 Agitur
1350 4291 1379 4346 in
1398 4291 1453 4346 hac

216 4376 344 4449 epistola
356 4377 394 4434 de
404 4377 502 4434 futuro
515 4381 548 4434 P.
564 4381 651 4436 Fabri
665 4390 695 4436 et
707 4381 831 4436 aliorum
844 4390 912 4436 octo
924 4380 1072 4435 sociorum
1091 4379 1196 4433 itinere
1214 4377 1337 4433 Parisiis
1356 4379 1452 4434 Vene—

216 4465 274 4520 tias
289 4483 402 4534 versus,
416 4467 478 4540 qui,
493 4477 525 4524 ut
541 4468 670 4525 diximus
689 4488 787 4543 supra,
806 4487 874 4542 pag.
896 4482 959 4540 110,
977 4476 1077 4524 annot.
1098 4481 1125 4539 2,
1146 4466 1289 4523 Venetias
1308 4484 1450 4539 pervene-

176 4623 182 4630 ι
217 4564 286 4610 runt
296 4573 397 4611 mense
410 4557 549 4627 Jauuario
565 4557 644 4633 15373
658 4560 736 4632 quod
750 4559 813 4632 ipse
831 4560 864 4614 P.
885 4559 1019 4630 ignatius
1036 4555 1185 4629 expressis
1205 4556 1305 4611 verbis
1322 4554 1450 4611 affirmat

217 4641 247 4698 ln
261 4659 309 4716 ep.
327 4657 367 4716 12,
384 4660 450 4717 pag.
469 4658 530 4716 119.
