3625 5400
393 467 447 539 5³4
769 469 979 526 Mororum
997 469 1176 526 lasarum
1275 485 1279 490 ·

358 621 468 708 ipsum
482 620 690 708 temporibus
701 620 925 707 personisque
937 620 1039 688 latius
1051 628 1177 706 pateat,
1191 627 1229 684 vt
1241 617 1278 684 in
1289 617 1443 705 plurimis
1455 613 1598 706 diuque

357 739 453 804 Deus
473 735 695 823 glorificetur,
717 746 752 802 et
771 735 846 804 eius
865 736 992 820 imago,
1011 737 1095 824 Jesu
1116 733 1173 802 X}
1190 733 1362 822 sanguine
1386 735 1580 816 reformata,

239 894 243 907 .
357 874 419 939 pro
434 851 523 919 virili
537 861 635 938 parte
650 873 670 917 a
685 850 784 918 nobis
804 850 998 918 adiuuetur.

423 969 534 1047 Haec,
551 966 704 1052 inquam,
722 977 757 1034 et
773 966 838 1033 alia
853 966 1142 1046 animaduertenS,
1162 968 1264 1034 Pater
1279 963 1316 1031 in
1332 967 1398 1032 X.⁰
1415 965 1581 1052 Ignatius,

356 1084 459 1150 vellet
470 1103 585 1150 coram
598 1093 725 1164 tecum,
735 1083 821 1150 Rde.
841 1053 880 1148 D.
893 1079 1035 1150 Corneli
1047 1092 1072 1162 ²,
1087 1103 1128 1150 ea
1139 1083 1296 1149 conferre
1307 1090 1412 1165 atque
1424 1090 1580 1162 tractare,

356 1220 485 1265 memor
511 1197 603 1284 quod
629 1195 677 1264 sis
703 1194 850 1282 primitie
873 1197 886 1229 ⁸
908 1194 1091 1264 Societatis
1111 1207 1228 1262 nostre
1248 1195 1405 1277 Louanii,
1424 1198 1585 1282 quodque

356 1335 456 1382 vsum
472 1335 552 1401 prae
567 1311 690 1410 ceteris
705 1310 738 1377 in
754 1310 988 1398 spiritualibus
1007 1310 1161 1398 negociis
1183 1311 1393 1398 (praesertim
1415 1311 1581 1396 Louanii),

357 1441 395 1496 vt
411 1429 540 1496 diutius
555 1427 592 1495 in
607 1427 658 1496 eis
678 1427 897 1508 exercitatus
916 1428 1054 1496 habeas.
1074 1429 1153 1494 Ideo
1169 1439 1287 1496 censet
1303 1425 1377 1495 eius
1399 1425 1584 1513 paternitas

357 1547 432 1614 Deo
448 1554 646 1630 pergratum
662 1546 827 1624 futurum,
845 1554 883 1609 vt
897 1543 941 1610 ad
957 1563 1020 1610 nos
1036 1545 1191 1626 Romam,
1206 1543 1235 1609 si
1248 1543 1337 1612 vires
1353 1543 1427 1629 ipse
1442 1553 1581 1629 prestat,

357 1671 392 1730 te
411 1661 588 1742 conferas,
609 1679 673 1726 nec
693 1669 832 1745 propter
858 1659 923 1750 Dei
951 1681 1102 1727 amorem
1130 1669 1164 1726 et
1191 1679 1373 1727 comunem
1402 1657 1579 1726 vtilitatem

357 1773 549 1861 grauareris
569 1772 700 1841 itineris
725 1773 821 1860 longi
840 1774 991 1842 laborem
1014 1774 1143 1842 subire.
1169 1775 1256 1841 Nam
1278 1774 1358 1842 licet
1377 1774 1491 1840 minus
1513 1794 1582 1850 non

358 1889 461 1958 distet
478 1887 666 1969 Lusitania,
685 1899 799 1957 tamen
814 1888 873 1975 qui
890 1901 1002 1958 rector
1016 1901 1090 1957 erat
1111 1889 1284 1958 Coimbrie
1304 1888 1439 1976 collegii
1461 1889 1579 1968 nostri,

360 2009 400 2073 P.
418 2008 630 2075 Sanctacrux
648 2008 673 2087 ⁵,
691 2007 833 2072 Romam
852 2005 956 2074 etiam
977 2016 1144 2074 euocatus
1163 2016 1227 2087 est,
1249 2017 1283 2073 et
1303 2005 1371 2074 iam
1395 2018 1447 2074 est
1467 2005 1503 2070 in
1526 2005 1582 2070 iti-

359 2143 453 2202 nere,
476 2120 669 2208 Septembri
695 2143 825 2203 mense,
848 2125 923 2190 Deo
950 2123 1050 2202 duce,
1073 2123 1143 2188 huc
1170 2131 1410 2208 peruenturus.
1435 2119 1582 2188 Multum

358 2237 449 2305 enim
464 2237 570 2306 refert
585 2249 623 2302 vt
638 2235 805 2305 internos
820 2247 966 2317 constet,
986 2257 1087 2321 quem
1103 2237 1242 2303 modum
1256 2247 1373 2306 tenere
1388 2257 1505 2302 omnes
1521 2235 1582 2304 de-

358 2355 513 2433 beamus,
532 2365 580 2434 vt,
598 2352 714 2420 multis
729 2351 1009 2439 oppugnantibus
1025 2327 1128 2439 (quod
1144 2374 1208 2420 vsu
1224 2351 1318 2420 venit
1338 2351 1497 2419 omnibus
1513 2354 1584 2420 tere

359 2469 425 2538 Dei
441 2469 605 2544 honorem
621 2468 844 2553 querentibus
860 2467 1006 2536 maxime
1021 2468 1056 2534 in
1077 2467 1205 2553 initiis),
1227 2467 1395 2554 possimus
1413 2479 1525 2534 tamen
1548 2477 1585 2534 et

360 2582 448 2654 tueri
462 2593 498 2649 et
513 2603 715 2668 promouere
730 2583 795 2652 Dei
812 2605 912 2670 opuS,
931 2583 974 2650 ad
990 2581 1097 2670 ipsius
1112 2581 1255 2670 gloriam
1272 2593 1307 2650 et
1322 2582 1510 2650 animarum
1527 2603 1584 2650 sa-

360 2698 467 2766 lutem
494 2696 705 2767 inchoatum.
727 2700 796 2769 Sed
823 2711 860 2765 vt
887 2698 970 2767 mihi
990 2700 1033 2767 de
1056 2708 1115 2768 tua
1142 2698 1308 2769 charitate
1335 2720 1375 2765 ac
1402 2696 1585 2767 obediendi

360 2812 625 2899 promptitudine
641 2813 814 2899 polliceor,
832 2836 919 2902 opus
936 2838 1005 2883 non
1021 2825 1074 2884 est
1085 2826 1123 2881 vt
1137 2815 1293 2901 pluribus
1306 2825 1340 2881 te
1356 2814 1444 2881 nitar
1460 2816 1586 2881 adhoc

360 2927 591 3013 induceresi
607 2930 655 3017 (vt
670 2931 856 3015 speramus)
872 2930 1057 3016 prestiterit
1074 2932 1170 2999 Deus
1191 2930 1354 2997 auxilium
1377 2941 1414 2997 ut
1435 2933 1504 2997 huc
1524 2952 1586 2997 ve·

360 3042 447 3123 nias,
466 3046 587 3112 fratres
602 3066 721 3112 omnes
736 3045 887 3114 scribent
908 3045 1014 3115 libere
1034 3047 1078 3112 de
1099 3047 1202 3113 rebus
1223 3046 1383 3114 omnibus
1404 3044 1585 3114 Societatis

362 3158 565 3226 sententiam
581 3180 679 3226 suam
696 3170 731 3229 et
747 3182 806 3227 cor
821 3162 1011 3241 effundent,
1031 3172 1068 3228 vt
1084 3160 1199 3228 omnia
1215 3164 1301 3229 haec
1322 3172 1467 3242 mature,
1491 3171 1586 3247 post-

361 3294 463 3357 quam
480 3275 601 3341 fratres
617 3276 693 3341 Deo
709 3275 956 3356 comendarint,
974 3276 1178 3344 celebrarint
1193 3278 1399 3359 sacerdotes,
1419 3287 1531 3345 tecum
1543 3278 1587 3343 ad

362 3389 428 3456 Dei
454 3390 611 3475 gloriam,
634 3392 738 3459 rebus
764 3391 913 3478 agitatis
938 3402 1097 3478 agantur.
1119 3392 1210 3477 Quia
1237 3414 1337 3479 porro
1362 3414 1502 3461 necesse
1523 3391 1588 3459 erit

363 3505 552 3590 prefectum
568 3506 714 3590 aliquem
731 3506 892 3577 fratribus
907 3506 1065 3591 relinqui,
1088 3506 1146 3593 qui
1167 3508 1264 3594 plura
1285 3508 1426 3577 habebit
1446 3508 1588 3574 fratrum

363 3619 539 3706 suffragia,
557 3620 586 3687 is
602 3623 774 3707 prefectus
790 3633 877 3704 estc,
895 3622 943 3690 ita
964 3633 1078 3693 tamen
1094 3634 1132 3689 vt
1149 3635 1199 3704 tu,
1222 3626 1266 3691 D.
1290 3624 1440 3705 Corneli',
1458 3622 1589 3692 disces·

362 3756 465 3801 surus
480 3736 550 3801 duo
565 3737 694 3805 habeas
709 3736 873 3822 suffragia
890 3739 934 3804 ad
950 3737 1053 3806 alium
1071 3737 1132 3804 tibi
1149 3740 1405 3826 subrogandum
1423 3742 1449 3809 ⁰.

417 3920 430 3948 ι
466 3902 608 3977 Cornelii,
620 3922 691 3974 ms.,·
702 3910 731 3961 et
742 3906 786 3961 sic
798 3911 845 3961 ter
856 3905 1004 3980 deinceps.

417 4058 429 4090 ⁸
465 4058 510 4111 Er
527 4059 584 4113 hoc
600 4060 665 4114 loco
681 4058 835 4114 conficitur
851 4060 927 4115 hanc
944 4060 1099 4131 epistolam
1112 4045 1249 4115 Comelid
1272 4060 1443 4132 Vislravaeo¹
1456 4058 1588 4116 inscribi.

365 4144 514 4203 «Primus»
529 4146 607 4202 enim
625 4148 650 4203 is
667 4146 723 4203 fuit
740 4147 887 4204 «omnium
909 4147 959 4221 qui
973 4148 1096 4204 Lovanii
1113 4149 1150 4203 ad
1171 4148 1327 4205 Societatis
1345 4148 1512 4205 institutum
1529 4146 1591 4205 uni·

364 4251 444 4289 mum
458 4234 677 4305 adiecerunt,...
693 4236 923 4305 Mechliniensis
937 4236 967 4293 in
980 4236 1053 4293 aede
1067 4238 1202 4309 primaria
1215 4238 1255 4293 D.
1274 4236 1352 4292 Petri
1367 4236 1587 4293 Sacellanus...

365 4321 411 4377 vir
426 4325 566 4394 probatae
583 4324 701 4380 virtutis
722 4342 757 4380 ac
778 4324 949 4395 pietatis...»
966 4326 1156 4395 MANAREUS,
1175 4326 1222 4381 De
1240 4326 1327 4381 rebus
1349 4325 1507 4382 Societatis
1523 4325 1592 4381 Iesu

252 4477 258 4492 ι
364 4412 611 4477 commentarius,
624 4430 695 4484 pag.
714 4426 757 4485 103
771 4412 954 4487 Potnncu8,
971 4413 1097 4479 Clarum,
1107 4413 1133 4485 1,
1148 4413 1209 4485 116,
1223 4412 1261 4471 ad
1273 4430 1382 4471 aunum
1397 4412 1477 4485 15433
1493 4414 1591 4487 Epist.

364 4498 490 4565 Mixtus,
504 4500 529 4573 1,
545 4500 671 4572 130·134.

418 4589 431 4623 ⁸
466 4587 503 4646 P.
521 4590 663 4645 Martinus
676 4589 910 4653 Sanctacrucius.
925 4593 1106 4664 POLANCUS,
1124 4591 1248 4659 Clarum,
1263 4593 1288 4665 1,
1302 4606 1369 4649 211.

421 4677 433 4711 ⁶
470 4675 564 4733 Sociis
574 4678 935 4752 lovaniensibuspraeerat
943 4681 1135 4739 Vishavaeus.
1143 4682 1330 4755 Maritima,
1338 4698 1386 4755 op.
1394 4682 1535 4755 cit.,pag.
1545 4694 1592 4752 14.
