3625 5400
419 484 475 539 666
799 486 1005 542 Mouuusura
1025 486 1203 543 leuantur
1270 518 1273 523 -

383 638 435 703 las
463 638 592 722 qualeS,
615 638 834 725 plaziendoa
861 638 958 719 Dios
988 660 1024 706 se
1051 639 1263 726 desocupara
1289 649 1387 707 antes
1413 638 1457 707 de
1483 642 1624 706 mucha

386 750 524 838 tiempo.
544 755 597 821 En
615 764 710 820 tanto
727 754 765 821 V.
785 756 826 821 R.
846 754 897 821 las
916 755 1044 822 ordene
1064 775 1162 821 como
1186 755 1217 823 le
1240 753 1425 841 paramese,
1448 774 1473 840 y
1495 776 1542 822 en
1565 756 1624 822 las

387 888 455 952 que
469 867 502 935 le
517 868 691 955 pereziere
707 879 851 949 acertar‚
870 869 1046 937 enblenlas
1062 875 1137 937 act.

452 985 486 1050 A
507 981 610 1068 quien
631 985 855 1052 demandasse
876 987 956 1053 aV.
980 987 1022 1052 R.
1044 986 1090 1051 de
1109 1007 1150 1051 su
1171 983 1385 1066 auctoridad,
1407 989 1469 1050 aea
1484 1004 1617 1070 parece

386 1099 419 1165 le
435 1100 541 1185 podra
557 1098 734 1168 satisfazer
750 1120 815 1166 con
831 1100 864 1166 la
879 1110 1018 1187 patente
1034 1121 1101 1186 que
1116 1123 1155 1169 se
1169 1102 1203 1169 le
1217 1100 1333 1186 ymbio
1348 1100 1373 1165 ⁸.

452 1216 594 1300 Quanto
610 1220 631 1281 a
646 1214 697 1281 los
712 1217 895 1283 hermanus
910 1217 953 1283 de
970 1217 1169 1297 Barcelona,
1188 1238 1232 1301 ya
1248 1214 1351 1282 scriui
1371 1235 1439 1300 que
1449 1220 1478 1280 a
1498 1216 1547 1283 N.
1571 1216 1616 1281 P.

384 1333 522 1415 parezla
538 1351 583 1395 no
599 1341 771 1398 tomassen
787 1351 849 1417 por
865 1330 987 1398 missas
1002 1329 1157 1417 ninguna
1173 1330 1331 1410 limosna,
1353 1353 1375 1416 y
1396 1351 1463 1416 que
1488 1332 1619 1398 Berual

387 1444 541 1512 Casellas
560 1445 664 1531 podla
685 1455 775 1514 estar
796 1464 862 1512 con
883 1447 936 1512 los
955 1445 1068 1526 ninoS,
1090 1436 1354 1515 contessandose
1370 1465 1435 1512 con
1449 1446 1501 1511 los
1516 1454 1625 1512 otros

387 1562 571 1627 hermanus
587 1562 612 1641 ³,
633 1571 701 1629 etc.

453 1676 503 1741 La
519 1675 613 1741 bulla
629 1675 664 1741 in
680 1655 766 1744 cena
781 1675 919 1743 Domini
935 1698 979 1742 va
994 1680 1087 1762 aqui,
1104 1700 1127 1763 y
1147 1688 1222 1743 atra
1242 1698 1280 1744 se
1302 1675 1453 1762 ymbiara
1474 1680 1495 1741 a
1513 1676 1619 1743 Gan-

387 1792 444 1857 dla
459 1812 482 1877 y
499 1790 670 1872 Valentia,
687 1811 755 1875 que
770 1813 815 1857 va
830 1791 981 1858 tambien
996 1796 1075 1876 aqui
1091 1794 1116 1858 ⁶.
1204 1783 1206 1786 ’

456 1906 510 1973 No
526 1910 602 1973 otio
617 1927 678 1993 por
695 1916 781 1990 esta,
799 1906 874 1973 sino
886 1906 1111 1975 humilmente
1122 1906 1406 1974 encomendarme
1417 1926 1461 1972 en
1472 1905 1523 1971 las
1534 1926 1622 1971 ora—

387 2020 506 2087 ciones
522 2021 565 2089 de
581 2022 624 2089 V.
645 2022 684 2088 R.
708 2026 732 2089 ⁷.

966 2168 1042 2249 236

507 2298 660 2363 PATER
678 2298 894 2385 JOANNES
917 2300 979 2364 DE
1007 2299 1233 2367 POLANCO
1257 2301 1319 2365 EX
1346 2298 1498 2365 COMM.

680 2411 799 2467 PATRI
817 2410 1057 2469 HIERONYMO
1076 2411 1322 2470 DOMENECCO

634 2519 721 2564 noua
745 2520 895 2577 aarum
920 2522 1074 2582 1547sur
1095 2522 1236 2567 rucuma
1256 2510 1325 2579 1548
1345 2511 1365 2563 ¹.

386 2624 547 2693 Descripta
558 2623 708 2678 sociorum
717 2622 873 2695 paucitate
882 2628 961 2696 praa
973 2627 1171 2681 multitudine
1190 2626 1325 2681 lacertam
1336 2642 1373 2680 ac
1384 2640 1558 2689 masuerum,
1573 2626 1622 2679 ad

436 2728 514 2782 quac
523 2728 560 2768 ax
572 2711 687 2766 dissitis
699 2711 873 2784 regionibus
881 2714 998 2769 sodales
1010 2715 1210 2779 advocantur,
1219 2715 1327 2769 suadat
1337 2714 1491 2768 Pataucus
1502 2729 1540 2768 aa
1552 2713 1619 2768 Da-

436 2816 589 2856 maneccus
601 2799 737 2856 liberalis
748 2801 788 2856 sit
802 2801 894 2856 nimis
907 2802 938 2857 ia
949 2804 1167 2876 promittenda,
1180 2803 1261 2874 quod
1272 2806 1360 2874 opere
1373 2801 1481 2856 deinde
1493 2804 1619 2872 exsequi

441 2905 502 2945 aaa
516 2889 628 2944 valeat.

993 2989 1010 3040 †

959 3045 1035 3131 Jhs.

452 3179 502 3246 La
517 3176 635 3264 gracia
650 3177 693 3246 de
704 3179 790 3266 Jesu
805 3175 870 3244 X.⁰
894 3185 997 3244 senor
1017 3157 1158 3245 nuestro
1178 3197 1240 3261 por
1263 3173 1514 3242 conocimiento
1536 3195 1615 3241 ver-

386 3293 548 3378 daderoy
564 3313 658 3359 amor
674 3313 762 3379 suyo
774 3313 812 3360 se
824 3290 935 3360 sienta
950 3291 1087 3378 sienpre
1102 3314 1146 3359 en
1158 3300 1315 3360 nuestras
1327 3290 1470 3358 animas.
1486 3291 1614 3357 Amen.

441 3542 454 3574 ⁸
489 3543 546 3599 Die
571 3556 582 3597 1
604 3542 787 3616 Septembris
805 3543 928 3614 hujusce
948 3541 1016 3597 anni
1041 3554 1120 3611 1547,
1142 3557 1200 3614 quo
1220 3539 1269 3595 die
1291 3539 1433 3594 Araozius
1455 3537 1619 3611 Hispaniae

387 3631 572 3705 praepositus
585 3631 772 3704 provincialis
785 3631 965 3687 constitutus
979 3639 1035 3686 est.

441 3723 452 3756 ³
490 3721 589 3794 Epist.
603 3722 729 3790 Mixtae,
744 3722 768 3794 1,
780 3736 843 3791 449.

440 3811 452 3845 ⁰
489 3808 565 3865 Vide
579 3808 734 3882 epistolam
747 3823 810 3880 224,
829 3823 865 3865 20
883 3809 1074 3879 Novembris,
1091 3822 1149 3881 quo
1166 3806 1214 3862 die
1228 3805 1308 3861 Patri
1324 3806 1497 3874 Lancilotto‚
1516 3803 1616 3875 hujus·

389 3898 467 3954 modi
479 3900 590 3954 bullam
602 3899 691 3954 etiam
704 3899 849 3971 poscenti,
861 3899 1054 3954 scribebatur:
1067 3897 1204 3967 «Quanto
1213 3896 1270 3950 alle
1279 3894 1375 3965 gratie
1385 3893 1424 3948 de
1437 3894 1573 3950 absoluer
1582 3891 1615 3946 di

387 3989 448 4043 casi
461 3989 605 4044 reseruati
623 3988 653 4045 in
671 3989 752 4044 bulla
768 4005 879 4044 coenae
897 3986 1019 4042 Domini
1034 3995 1107 4058 etc.,
1124 3985 1155 4041 di
1171 4001 1230 4057 qua
1246 3983 1272 4039 si
1289 3983 1374 4039 usarii
1392 3982 1547 4054 diligentia
1563 3999 1617 4054 per

386 4077 528 4147 haverli»;
540 4087 571 4134 et
581 4078 734 4150 epistolam
745 4091 797 4148 229
810 4076 847 4132 ad
860 4076 996 4132 eumdem
1009 4089 1045 4131 22
1054 4075 1243 4141 Novembris,
1255 4073 1352 4146 inqua
1362 4072 1500 4144 legimus:
1512 4071 1618 4143 «Quod

388 4183 459 4222 vero
472 4167 515 4223 ais
528 4167 776 4240 pernecessariam
791 4165 845 4222 tibi
864 4165 959 4221 videri
976 4165 1147 4220 facultatem
1164 4161 1338 4218 absoluendi
1355 4179 1373 4216 a
1391 4161 1509 4216 casibus
1526 4177 1618 4216 reser-

390 4255 467 4312 uatis
480 4256 510 4311 iu
524 4258 604 4312 bulla
616 4273 690 4312 cene
704 4255 856 4311 Domini...
871 4255 1022 4310 curabitur
1034 4261 1068 4308 vt
1079 4269 1114 4307 ea
1127 4251 1251 4307 facultas
1268 4249 1447 4321 obtineatur,
1461 4249 1531 4305 licet
1547 4265 1618 4304 non-

387 4344 458 4400 dum
471 4345 511 4403 sit
523 4351 730 4401 attentatum.»

442 4439 452 4469 ⁷
488 4436 557 4490 Non
569 4435 708 4491 statuitur
721 4431 888 4507 scriptionis
901 4433 976 4502 dies;
995 4430 1049 4488 sed
1067 4448 1105 4487 ex
1123 4429 1209 4486 modo
1228 4428 1315 4484 dictis
1333 4427 1364 4484 in
1381 4436 1482 4484 annot.
1499 4427 1518 4482 6
1536 4435 1618 4500 patet

388 4531 454 4596 post
469 4523 667 4580 Nouembrem
681 4523 836 4596 epistolam
849 4521 941 4578 tuisse
954 4521 1103 4594 scriptam.

443 4612 451 4645 ¹
488 4613 533 4669 Ex
546 4613 722 4669 adversariis
746 4612 936 4685 autographis
956 4613 989 4667 P.
1009 4609 1140 4681 Polauci,
1158 4609 1188 4664 in
1205 4607 1308 4664 codice
1320 4607 1419 4681 Epist.
1441 4607 1570 4662 Palaaci
1582 4624 1621 4662 ex

387 4720 507 4768 comm.,
522 4721 551 4759 n.
565 4719 594 4775 4,
607 4703 688 4775 prius
705 4703 735 4759 ff.
751 4716 767 4774 5
780 4712 811 4760 et
823 4702 851 4758 ό.
