3625 5400
596 500 700 556 Errsr.
723 497 933 569 rspeiturrsr
953 498 1080 554 Murrio
1102 508 1170 567 1547
1406 510 1461 570 479

579 813 738 881 PATRI
764 811 973 901 JACOBO
998 811 1181 879 LAINIO

639 940 728 986 noua
746 937 853 987 mu
871 936 993 986 naimo
1014 937 1083 995 1547
1102 925 1123 982 ¹.

297 1045 433 1114 Acceptis
441 1044 557 1102 tttrrrr’r
567 1043 705 1102 rucrtbit
717 1041 994 1116 Iguaiiuru-Nihil
1006 1041 1079 1098 novi
1094 1003 1303 1100 numadum
1315 1045 1458 1102 occurrit.

836 1158 916 1301 pis.

289 1375 295 1386 ·
332 1351 382 1419 La
395 1369 530 1417 summa
545 1347 657 1436 gratia
673 1357 708 1415 et
724 1368 840 1415 amore
855 1356 974 1413 eterno
989 1348 1033 1412 de
1053 1347 1144 1436 xpo,
1169 1347 1214 1416 N.
1232 1347 1270 1416 S.
1289 1345 1338 1414 sia
1359 1369 1493 1434 sempre

263 1464 301 1532 in
317 1474 433 1532 nostro
449 1462 613 1530 continuo
629 1466 727 1531 fauor
742 1475 778 1530 et
793 1463 902 1549 ajuto.

332 1581 539 1648 Reoeuendo
564 1580 597 1645 la
616 1589 732 1646 vostra
752 1580 795 1647 de
816 1596 855 1645 21
878 1577 913 1644 di
934 1576 1096 1659 Febrar0,
1118 1587 1154 1646 et
1180 1579 1329 1647 anchora
1357 1579 1516 1647 auendo‘

263 1691 375 1780 prim'a
396 1698 525 1762 hanute
545 1696 631 1763 altre
650 1696 716 1763 doe
737 1695 860 1765 lettere
880 1694 915 1759 in
939 1703 1091 1781 resposta
1112 1693 1200 1762 delle
1221 1693 1299 1774 mie,
1323 1717 1403 1780 pare
1427 1698 1493 1762 che

266 1831 326 1897 per
341 1820 432 1877 tutte
446 1811 479 1879 ie
494 1821 610 1878 vostre
625 1810 654 1876 si
673 1831 773 1879 cerea
788 1809 812 1875 il
831 1809 1006 1878 medesmo
1022 1810 1089 1876 che
1104 1829 1165 1895 per
1183 1808 1241 1877 noi
1261 1808 1351 1890 altri,
1370 1809 1444 1878 eine
1460 1811 1493 1878 la

265 1926 324 1992 uia
339 1947 408 1992 eon
423 1926 592 2006 destreza,
610 1929 675 1994 che
690 1927 750 2013 piri
765 1949 786 1993 a
801 1924 910 2012 gloria
925 1923 1042 1992 diuina
1053 1923 1116 1993 sia.
1134 1925 1243 2012 spero
1254 1947 1299 1992 ne
1310 1927 1343 1993 la
1358 1947 1421 1994 sua
1437 1925 1493 1992 in-

266 2040 363 2112 tinio
376 2052 413 2110 et
428 2063 562 2110 summa
577 2043 682 2110 bonti
699 2043 779 2124 che,
796 2061 900 2108 senza
915 2061 1024 2126 paura
1044 2059 1066 2107 0
1085 2039 1281 2110 turbatione
1303 2043 1439 2124 alcuna,
1459 2043 1490 2110 ci

264 2156 449 2245 innegnari
463 2178 530 2225 con
545 2156 668 2244 spiritu
682 2158 727 2224 de
741 2139 857 2226 amoro
872 2166 908 2223 et
923 2156 966 2222 de
981 2156 1110 2224 fortean
1124 2157 1288 2242 perdone
1303 2157 1361 2245 pib
1377 2160 1412 2226 lo
1426 2179 1491 2246 po·

263 2283 394 2341 teremo
409 2271 521 2340 seruit
534 2283 570 2342 et
585 2273 705 2340 lauder
726 2273 761 2341 in
778 2271 863 2360 ogni
882 2282 1010 2358 tempo.
1029 2273 1096 2340 Per
1115 2271 1220 2340 adeso
1240 2274 1354 2358 quello
1374 2275 1490 2343 mede-

262 2409 338 2480 amo
352 2390 418 2455 ebe
432 2387 552 2474 prima,
566 2387 602 2454 in
618 2384 968 2478 quantop1uJoesser,
982 2407 1050 2453 con
1061 2385 1239 2474 diligentia
1251 2398 1285 2454 ot
1298 2389 1442 2457 bonesti
1456 2391 1490 2458 ui

264 2503 473 2586 ricomando,
486 2505 614 2591 perche
625 2496 839 2591 negligentia
848 2503 971 2570 alcuna
983 2523 1051 2568 non
1063 2501 1096 2572 ci
1107 2501 1159 2569 sia
1169 2501 1337 2589 imputata
1348 2503 1384 2570 in
1395 2525 1489 2586 cosa,

227 2677 238 2709 ,
264 2620 331 2687 ebe
345 2619 394 2687 tin
409 2619 514 2686 adeso
529 2641 574 2688 ne
594 2638 676 2706 pare
696 2641 717 2685 a
736 2618 794 2706 pib
813 2617 925 2707 gloria
946 2616 1074 2684 diuina.
1100 2618 1251 2704 Quando
1270 2629 1394 2705 questo
1413 2626 1491 2688 nara

262 2734 483 2822 impossibile,
500 2758 571 2803 non
586 2736 777 2803 mancando
793 2736 837 2804 de
848 2746 964 2802 nostra
976 2744 1085 2821 parte,
1100 2756 1171 2801 oon
1183 2756 1315 2803 seremo
1326 2735 1487 2821 debitori,

263 2863 299 2917 et
313 2852 432 2919 albona
446 2862 622 2939 poteremo
638 2852 770 2918 sareon
786 2852 820 2917 Ιο
835 2851 929 2936 ajuto
944 2849 1063 2917 diuino
1078 2850 1165 2916 altro
1181 2850 1338 2938 disegno.

330 2970 363 3035 A
391 2969 504 3035 Mons.
525 2978 645 3033 nostro
664 2968 763 3034 Rmo.
786 2967 830 3035 de
850 2966 957 3036 Santa
973 2966 1082 3033 Croce
1106 2966 1212 3033 farete
1232 2968 1426 3037 reuerentia
1445 2970 1489 3038 de

265 3079 333 3149 mia
344 3093 453 3168 parte.

328 3196 497 3285 nsignor
512 3207 630 3264 nostro
644 3196 696 3263 sia
710 3218 844 3283 sempre
858 3195 895 3262 in
911 3206 1028 3264 nostro
1043 3197 1207 3265 continuo
1224 3197 1320 3266 fauor
1332 3209 1367 3265 et
1379 3199 1486 3283 ajuto.

329 3312 375 3380 Di
387 3315 510 3381 Roma.

329 3416 360 3493 Α
376 3433 486 3515 tergo.
504 3426 613 3514 Copia
628 3428 673 3495 de
690 3448 758 3493 una
774 3428 895 3495 lettera
910 3425 954 3491 de
970 3427 1017 3493 Μ.
1036 3426 1170 3512 Ignatio
1186 3448 1268 3513 para
1284 3430 1425 3495 Trento.

332 3543 479 3608 Petam
494 3563 615 3611 mm.
628 3532 807 3610 Gu'ardese
822 3546 884 3607 asi.

328 3660 411 3726 Atta
436 3680 557 3725 muna.
580 3658 674 3727 Nihil
694 3660 738 3728 ad
762 3657 952 3739 historiam,
975 3657 1054 3727 licet
1080 3658 1236 3725 uideatur
1255 3658 1427 3746 pertinere
1445 3660 1489 3727 ad

261 3795 320 3842 an.
344 3776 429 3860 1546
439 3776 466 3841 ¹.

319 3993 327 4025 ¹
364 3990 409 4047 Ex
432 3990 498 4045 eod.
520 3988 632 4051 vireu..
651 3985 738 4044 unico
758 3985 822 4057 tot,
843 4003 873 4043 n.
899 3997 960 4056 111,
984 3986 1064 4057 prius
1085 4000 1148 4054 444:
1172 3994 1233 4041 tota
1255 3986 1380 4059 epistola
1402 4004 1490 4043 manu

265 4078 298 4132 P.
307 4075 441 4136 emonii
453 4083 575 4135 eumn
586 4084 643 4133 ert.

313 4170 326 4201 ²
362 4164 458 4223 Nobis
475 4165 596 4239 quiden
615 4165 734 4223 videtur
753 4163 790 4221 ad
808 4181 917 4221 annum
938 4175 1017 4233 1547,
1032 4163 1122 4219 immo
1142 4162 1180 4219 ad
1202 4180 1334 4221 rnenrem
1353 4165 1491 4223 uatium

261 4254 395 4327 ejudem
406 4254 487 4326 anni,
500 4256 626 4327 op'utoio
637 4255 795 4327 pertinere.
809 4254 885 4309 Nam
895 4252 1049 4325 responsio
1061 4260 1109 4309 est
1120 4251 1157 4307 nd
1175 4252 1329 4327 epistolam
1343 4255 1490 4311 sociorum

262 4344 397 4401 Tridenti
413 4344 605 4416 versantium,
625 4345 673 4399 vei
690 4344 788 4416 potius
805 4341 842 4397 ud
859 4341 954 4398 Lainii
972 4342 1137 4414 epistolam,
1155 4354 1187 4397 21
1208 4342 1360 4399 Februarii
1378 4342 1487 4403 datan.

261 4432 373 4493 cutes
388 4434 545 4509 epistulam
563 4447 626 4505 152,
643 4450 721 4507 quae
737 4431 855 4506 incipit:
875 4432 925 4487 «A
941 4432 986 4487 los
1003 4443 1035 4486 21
1055 4430 1092 4487 de
1110 4430 1245 4489 Hebrero
1262 4435 1361 4491 recent
1377 4450 1435 4488 vna
1451 4433 1489 4489 de

137 4534 146 4545 ·
263 4524 350 4583 uun.
361 4524 483 4595 hynez
493 4522 532 4579 dn
548 4524 689 4579 Trento.»
702 4520 877 4579 Tridentum
893 4536 965 4576 vero
977 4520 1051 4577 socii
1066 4528 1264 4593 pervenerant
1278 4519 1310 4578 18
1324 4521 1393 4595 Maji
1409 4523 1487 4593 1546,

259 4630 299 4671 ox
311 4630 368 4685 qur
380 4613 455 4669 urbe
466 4613 639 4683 soranum,
653 4611 829 4669 decurrente
847 4608 951 4667 Martio
969 4621 1047 4681 1547,
1061 4608 1273 4667 discernunt.
