3625 5400
660 411 765 468 Exrsr.
788 423 904 480 124.—2
923 412 1009 482 Juun
1029 412 1099 483 1546
1403 411 1453 482 391

264 563 301 630 in
332 565 417 630 De0.
441 565 634 650 Cognosce,
652 573 755 648 atque
770 565 908 650 explora
924 563 960 630 in
981 563 1101 650 spiritu
1124 573 1185 631 tuo
1205 563 1434 646 vocationem,
1456 574 1492 630 et

265 678 422 765 gratiam,
445 700 533 764 quae
548 678 628 746 data
643 689 695 746 est
712 678 797 745 tibi⁶
815 679 851 746 in
868 679 1018 761 Christo,
1036 679 1128 746 illam
1141 700 1275 763 exerce,
1293 678 1342 745 illi
1358 679 1488 761 insiste,

265 817 307 862 ex
327 793 384 861 illa
403 794 591 880 negotiare,
609 815 783 878 nunquam
800 793 940 882 patiaris
950 794 986 862 in
999 805 1034 864 te
1046 794 1208 877 ociosam,
1222 817 1398 881 nunquam
1410 797 1491 862 sub·

264 910 396 991 sistere,
412 911 484 997 ipse
499 911 658 978 dominus
673 921 737 992 est,
756 911 814 998 qui
830 911 890 979 dat
906 911 1018 1008 nobis,
1036 921 1070 981 et
1086 912 1175 980 velle
1194 921 1229 980 et
1243 912 1408 999 perficere
1428 933 1490 998 pro

263 1028 353 1092 bona
364 1049 427 1092 sua
439 1027 616 1096 voluntate
630 1031 641 1061 ²
657 1037 692 1095 et
707 1027 742 1094 in
758 1049 795 1094 se
807 1037 841 1096 et
851 1050 912 1114 per
928 1049 966 1096 se
982 1027 1127 1108 infinita,
1142 1039 1177 1096 et
1188 1026 1442 1114 supergloriosa
1454 1040 1489 1095 et

261 1141 296 1206 in
313 1163 375 1208 nos
391 1141 606 1210 inenarrabili
622 1163 682 1229 per
694 1142 870 1210 Christum
882 1145 1037 1231 Jhesum.
1053 1142 1157 1211 Dabit
1169 1141 1259 1210 enim
1276 1142 1338 1209 tibi
1349 1142 1489 1229 spiritus

257 1260 365 1346 jhesu
376 1257 413 1325 in
425 1258 595 1341 omnibus,
613 1269 648 1326 et
664 1259 873 1327 intellectum
890 1261 916 1344 ⁸,
935 1268 971 1327 et
986 1257 1219 1326 fortitudinem
1231 1268 1269 1324 vt
1281 1280 1405 1327 nomen
1422 1259 1488 1325 Dei

261 1373 296 1439 in
313 1395 407 1459 spem
420 1372 569 1442 melioris
585 1374 676 1442 vitae
692 1374 727 1439 in
740 1373 994 1464 Christthesu
1010 1385 1129 1461 perte,
1144 1375 1178 1440 in
1192 1373 1356 1461 plurimos
1368 1374 1488 1440 fructi-

261 1490 353 1570 ficet,
370 1501 405 1556 et
417 1489 633 1558 clarificetur.
650 1492 728 1556 Hoc
743 1489 924 1557 scribimus
941 1489 1014 1572 tibi,
1032 1500 1070 1555 vt
1089 1489 1240 1557 currenti
1263 1488 1407 1556 calcaria
1426 1491 1488 1556 ad-

264 1606 385 1672 damus
399 1615 437 1671 vt
449 1603 584 1672 dicitur.
605 1605 768 1691 Alioquin
789 1616 867 1674 tuos
879 1627 943 1673 nos
962 1607 1061 1693 plane
1074 1604 1184 1674 fecisti
1195 1604 1230 1672 in
1243 1604 1393 1686 Christo,
1414 1607 1459 1674 de
1474 1618 1488 1645 ²

264 1731 323 1788 tua
337 1720 374 1786 in
389 1720 488 1789 vinea
498 1719 632 1796 'domini
648 1721 834 1802 alacritate,
852 1732 888 1790 et
902 1720 938 1788 in
955 1741 1115 1808 magnam
1131 1741 1227 1806 spem
1239 1721 1378 1787 erexisti
1393 1722 1488 1807 quod

263 1835 298 1902 in
311 1847 344 1903 te
356 1834 650 1924 Christuthesus
662 1836 872 1924 glorificetur
883 1836 919 1903 in
931 1837 1045 1904 finem.
1060 1838 1130 1904 lam
1142 1858 1223 1904 vero
1234 1837 1328 1922 quod
1340 1847 1373 1904 te
1386 1835 1487 1904 intel-

262 1951 340 2032 leri,
351 1954 436 2020 etD.
448 1952 888 2020 Leonardum⁹desiderare
900 1954 1111 2021 voluntatem
1118 1963 1154 2019 et
1163 1951 1367 2022 sententiam
1375 1973 1485 2020 meam

262 2066 357 2133 vobis
373 2077 409 2132 vt
426 2066 583 2146 scribam,
601 2068 644 2134 ab
664 2088 705 2133 ea
731 2078 769 2132 vt
790 2090 834 2136 ne
861 2067 1056 2147 discedatis,
1079 2088 1233 2154 agnosco
1255 2066 1485 2136 obedientiam

261 2191 407 2248 vestram
429 2180 464 2248 in
485 2181 634 2252 Christo,
657 2183 695 2248 ld
716 2183 751 2248 in
779 2182 972 2268 praesentia
997 2193 1287 2270 repraesentarem
1317 2182 1401 2273 [sic],
1419 2181 1484 2249 nisi

234 2295 464 2384 'Magistrum
494 2299 635 2365 Petrum
666 2298 815 2365 Fabrum
841 2298 990 2382 socium,
1019 2308 1054 2366 et
1083 2301 1223 2374 fratrem
1254 2310 1408 2366 nostrum
1441 2321 1484 2367 ex

260 2413 352 2479 Aula
367 2412 529 2499 principis
550 2413 793 2500 Hispaniarum
815 2412 850 2480 in
870 2413 924 2482 his
945 2431 982 2499 15
1004 2426 1064 2482 aut
1085 2433 1128 2482 20
1148 2413 1270 2483 diebus
1289 2413 1303 2454 b
1322 2425 1483 2500 expecta-

259 2549 342 2594 rem.
361 2527 549 2595 Constituit
563 2527 654 2595 enim
666 2549 821 2596 summus
838 2529 999 2598 Pontifex
1014 2540 1051 2595 vt
1067 2529 1110 2596 ad
1126 2529 1305 2598 consilium
1318 2526 1389 2618 [sic]
1405 2529 1480 2596 Tri·
1594 2610 1599 2623 ⁵

259 2643 436 2713 dentinum
457 2644 601 2714 veniret.
621 2646 709 2713 Eum
731 2645 925 2734 accepimus
944 2647 988 2713 ad
1008 2646 1167 2715 calendas
1187 2645 1266 2731 Maij
1289 2645 1483 2715 Valentiam

258 2758 292 2826 in
308 2758 499 2828 citeriorem
516 2760 717 2846 Hispaniam
738 2761 920 2829 deuenisse
938 2764 974 2826 ¹⁰.
994 2763 1037 2827 Et
1053 2760 1192 2841 scimuS,
1211 2782 1387 2848 speramus
1405 2761 1473 2846 qui-

257 2876 334 2942 dem
351 2886 455 2955 certe,
473 2896 542 2942 non
558 2886 804 2962 peruenturum
820 2877 1047 2943 Tridentumc
1063 2877 1128 2944 nisi
1145 2898 1207 2944 nos
1221 2876 1368 2963 primum
1390 2877 1481 2945 vise-

257 2990 311 3057 rit.
331 2993 412 3058 Ere
432 2990 538 3077 igitur
563 3002 678 3060 vestra
704 2991 888 3059 arbitratus
914 3014 991 3059 sum
1019 2994 1189 3059 facturum
1209 3012 1264 3059 me
1287 2992 1323 3057 in
1339 2992 1482 3059 Christo

256 3106 541 3193 (quandoquidem
557 3119 592 3176 et
612 3130 725 3177 mores
740 3110 844 3177 habet
859 3110 916 3176 ille
935 3110 1143 3195 exploratos,
1161 3119 1197 3177 et
1216 3130 1330 3177 rerum
1352 3118 1478 3175 statum

255 3221 396 3289 istarum
411 3222 601 3311 regionum)
618 3224 647 3291 si
663 3224 758 3292 illum
774 3224 810 3291 in
826 3224 1005 3291 consilium
1022 3224 1201 3293 adhibeam
1221 3245 1301 3291 cum
1318 3223 1393 3310 alijs
1410 3226 1480 3291 fra-

307 3427 320 3453 2
339 3408 468 3466 Christo.
484 3412 529 3466 De
542 3413 653 3468 arebat.
692 3416 743 3457 —b
756 3411 872 3469 duobus
882 3414 966 3468 arch.
1008 3426 1057 3455 -c
1076 3410 1256 3467 Tridendum
1270 3406 1380 3465 ardu

307 3564 319 3596 ⁰
356 3562 407 3618 Ao
419 3562 513 3641 Rom,
528 3562 633 3633 x11,3.

307 3655 317 3683 ⁷
355 3651 549 3724 AnPnnrr,
565 3652 663 3725 11,13.

306 3744 317 3771 '¹
356 3741 534 3807 llanTru,
548 3744 587 3814 ll,
606 3754 634 3812 7.

303 3832 315 3861 l
351 3828 489 3901 Intellige
499 3832 533 3885 P.
545 3831 729 3888 Leonardum
740 3834 917 3905 Kesselium,
929 3832 979 3905 qui
992 3849 1060 3888 cum
1070 3830 1207 3887 Patribus
1217 3832 1305 3887 Petro
1318 3829 1438 3887 Canisio
1447 3840 1479 3885 et

249 3916 398 3972 Everardo
411 3920 670 3989 Questenburchio
683 3920 823 3977 Coloniae
838 3923 1021 3977 versabatur.
1036 3922 1304 3990 Baaurtssssnnssx,
1319 3920 1409 3974 Beati
1422 3920 1477 3974 Pe-

250 4008 293 4061 tri
308 4005 460 4063 Canisii...
471 4009 618 4081 epistulae
631 4014 750 4075 abacta,
764 4012 790 4083 1,
806 4010 869 4067 188.

287 4098 309 4131 ¹⁰
346 4096 392 4153 Cf.
412 4095 556 4153 Cottas...
575 4099 624 4153 del
645 4101 714 4155 Bto.
738 4100 776 4155 Ρ.
791 4102 893 4175 Padro
914 4100 1024 4171 Fabro,
1046 4099 1068 4166 1,
1093 4095 1223 4167 317·323;
1241 4096 1378 4153 Valentia
1397 4096 1477 4152 enim
1572 4131 1575 4135 -

249 4186 375 4241 Araozio
388 4186 482 4241 Faber
495 4188 613 4259 scripsit
629 4201 662 4243 10
673 4188 752 4260 Maji,
765 4188 802 4243 ad
815 4188 963 4259 Ignatium
981 4206 1052 4243 vero
1070 4187 1233 4243 Barcinone
1246 4198 1278 4241 21
1298 4186 1380 4258 Junii
1396 4178 1487 4255 1546.'

249 4274 374 4329 Causam
388 4284 487 4331 autem
499 4293 551 4331 cur
564 4276 613 4331 hic
626 4294 721 4333 moras
736 4278 868 4347 traxerit,
883 4278 1011 4349 explicat
1023 4277 1100 4347 ipse:
1116 4276 1191 4331 «Por
1202 4275 1256 4331 dos
1274 4292 1362 4331 veces
1380 4276 1417 4330 he
1431 4291 1464 4329 es

248 4362 322 4417 crito
334 4362 461 4435 despuas
474 4382 531 4436 que
544 4369 612 4438 aqui
630 4375 726 4439 estoy,
748 4366 892 4421 deziendo
905 4368 933 4421 la
954 4383 1042 4422 causa
1063 4366 1101 4422 de
1114 4364 1155 4420 mi
1176 4363 1354 4435 detinencia,
1367 4380 1424 4437 que
1437 4366 1475 4418 ha

248 4450 312 4507 sido
334 4470 391 4508 una
408 4453 598 4509 enfermedad
619 4455 656 4511 de
678 4456 853 4511 tercianas.»
876 4458 914 4512 Et
936 4458 1032 4512 Faber
1048 4456 1168 4528 quidem
1189 4456 1313 4510 Romam
1339 4454 1430 4523 venit,
1444 4463 1476 4507 at

249 4557 320 4596 vero
333 4542 415 4614 «ipso
427 4541 476 4597 die
487 4542 678 4600 Vinculorum
688 4544 780 4616 Petri,
793 4562 810 4599 a
823 4552 958 4601 terrenae
972 4546 1051 4601 vitae
1064 4544 1190 4601 vinculis
1203 4545 1368 4615 absolutus,
1381 4542 1417 4597 ad
1431 4542 1477 4596 vi-

249 4638 296 4687 tae
306 4632 445 4687 coelestis
456 4632 622 4689 libertatem
636 4632 794 4691 evolavit».
809 4635 989 4707 Focaneus
1008 4633 1132 4700 Chron„
1146 4634 1169 4707 1,
1187 4646 1247 4703 172.
1356 4642 1364 4661 ·
