3625 5400
646 406 853 463 Mouuusura
874 408 1054 464 losanrara
1376 424 1429 482 775

263 556 317 612 tati
329 572 486 613 concessas
499 567 663 629 enumerat,
677 558 740 627 2323
755 577 816 630 eas,

262 660 329 699 cum
352 644 441 700 sociis
462 645 638 717 quibusdam
656 647 816 703 communi·

261 740 353 804 catas,
378 733 656 805 revocamur-3983
678 752 816 807 magnum

261 821 395 892 Ignatius
406 823 602 879 inscribendo
613 825 743 880 laborem
754 842 817 881 sus·

259 910 343 983 cipit,
357 911 421 980 2³8;
436 912 618 968 incommoda
633 912 724 970 utitur
737 915 816 969 vale-

260 1000 374 1072 tudine,
386 1001 447 1071 2853
456 1010 562 1075 purgat
572 1018 604 1057 se
614 1001 652 1057 de
663 1004 815 1074 negligen-

259 1089 320 1143 tiae
334 1098 413 1161 nota,
427 1108 515 1162 quam
528 1089 625 1146 eidem
643 1091 734 1162 aliqui
752 1092 814 1146 iuu-

259 1177 374 1247 rebant,
388 1176 452 1246 2343
466 1178 553 1232 offert
566 1194 633 1232 sese
645 1177 683 1232 ad
702 1177 814 1233 missio·

259 1282 327 1320 nem
352 1267 547 1338 aethiopicam
580 1265 813 1339 suscipiendam,

258 1367 323 1425 429,
344 1354 409 1425 4343
431 1356 560 1411 demisse
577 1356 615 1411 de
637 1373 670 1411 se
689 1357 813 1429 judicat,

221 1532 273 1587 111.
282 1532 455 1605 -lgnotr'us
467 1552 504 1590 ac
511 1536 611 1605 primi
623 1535 711 1590 illius
726 1536 810 1590 socii.

260 1623 411 1677 —Eorum
436 1624 634 1679 innocentiam
664 1624 810 1697 vindicat,

260 1723 320 1781 145,
346 1712 407 1780 1463
427 1712 559 1783 Ignatius
579 1712 748 1768 Bobadillae
765 1731 812 1768 su·

257 1800 430 1856 stentationi
444 1800 590 1872 providet:
605 1802 716 1875 optima
729 1820 811 1874 prae-

258 1888 308 1943 bet
327 1888 461 1971 consilia.
483 1902 546 1962 719,
571 1904 635 1962 7203
656 1892 763 1947 Broeto
780 1901 811 1946 et

256 1978 432 2047 Salmeroni,
446 1979 476 2034 in
495 1980 668 2035 Hiberniam
688 1980 810 2037 tenden-

258 2066 348 2137 tibus,
362 2067 413 2123 dat
430 2068 578 2133 mandata,
600 2072 726 2140 174-181,
746 2083 810 2139 727-

255 2154 306 2224 731
312 2172 319 2224 ;
334 2158 473 2213 Broetum
485 2156 607 2229 dignum
622 2158 746 2230 judicat,
759 2162 810 2231 qui

257 2247 433 2319 Aethiopiae
469 2247 633 2319 patriarcha
668 2248 808 2319 eligatur,

257 2346 319 2404 5993
334 2333 370 2389 de
389 2334 477 2390 Fabri
494 2334 676 2407 negligentia
693 2336 723 2390 in
741 2336 811 2391 scri-

255 2422 353 2477 bendo
366 2424 509 2496 queritur,
523 2421 651 2493 236-2383
670 2442 737 2479 cum
757 2425 810 2480 Fa·

255 2513 310 2566 bro
321 2512 432 2583 gratias
449 2530 465 2567 a
482 2513 574 2567 Paulo
592 2514 636 2568 111
652 2530 810 2570 concessas

256 2601 655 2668 communicat,restrictione
665 2601 808 2675 adhibita,

255 2688 388 2758 ero-arm
419 2709 486 2748 cum
515 2690 688 2748 Tridentum
715 2692 810 2748 Faber

254 2779 431 2851 destinetur,
449 2782 564 2853 quaerit
578 2782 711 2852 Ignatius
729 2798 746 2834 a
765 2799 809 2836 ro·

160 2923 164 2934 ,
255 2868 349 2924 manis
362 2869 450 2924 sociis
464 2881 560 2925 utrum
575 2869 714 2942 expediat
727 2870 808 2925 illum

254 2959 377 3014 Romam
391 2959 535 3029 revocari,
548 2973 612 3029 402;
627 2969 709 3031 optat
726 2961 808 3031 lgna-

255 3047 313 3102 tius
327 3056 359 3102 ut
377 3047 460 3119 Jajus
478 3048 508 3103 in
527 3050 694 3104 Urbem-se
710 3049 808 3104 conie-

254 3145 308 3208 rat,
323 3135 387 3207 3453
405 3137 631 3208 diligentissime
645 3137 753 3208 satagit
771 3156 808 3194 ne

253 3223 337 3296 Jajus
355 3233 471 3279 creetur
494 3225 662 3296 episcopus,
680 3225 807 3295 45o·453‚

252 3315 383 3384 46o4673
407 3313 552 3384 Lainium,
574 3313 716 3369 Venetiae
737 3331 808 3370 eun-

254 3414 330 3473 tem,
355 3402 551 3470 commendat,
576 3402 643 3472 213;
670 3403 807 3458 eumdem

252 3510 287 3548 ac
300 3493 502 3548 Salmeronem
515 3492 690 3548 Tridentum
705 3493 805 3564 mittit,

252 3581 315 3651 3783
330 3581 432 3654 eisque
453 3580 504 3636 dat
517 3581 663 3654 mandata,
677 3580 806 3650 auo-3893

252 3679 281 3726 et
295 3669 420 3726 Claudio
432 3671 509 3741 Jajo,
522 3671 657 3726 Tridenti
667 3670 728 3741 jam
742 3687 806 3725 ver·

251 3761 339 3830 santi,
353 3759 416 3829 7333
431 3760 461 3814 in
475 3760 569 3815 Lainii
579 3759 807 3814 commendatio-

251 3867 319 3904 nem
336 3852 476 3921 episcopo
494 3851 632 3922 perusino
648 3849 806 3920 diligenter

251 3933 366 4006 scribit,
388 3948 517 4006 577·579;
541 3937 644 3992 Lainio
664 3935 806 3994 constitu·

249 4027 347 4082 tiones
364 4027 402 4082 de
415 4027 573 4081 christiana
591 4025 724 4082 doctrina
738 4027 806 4082 edo·

249 4115 354 4184 cenda,
372 4115 409 4170 de
428 4115 539 4170 vestitu
556 4124 587 4170 et
605 4117 806 4172 calceamento

250 4203 365 4274 indicit,
375 4203 438 4273 246,
446 4215 508 4272 2473
520 4203 648 4258 Simonis
658 4203 806 4259 Rodericii

250 4293 364 4348 litteras
386 4292 519 4362 Ignatius
542 4291 628 4347 valde
645 4291 803 4366 desiderat,

249 4382 357 4436 certior
367 4383 431 4436 vult
440 4380 505 4436 lieri
512 4380 550 4435 de
559 4383 648 4436 rebus
659 4381 805 4454 lusitanis,

252 4469 376 4541 196·198‚
397 4483 461 4540 2073
481 4471 564 4526 illum
582 4471 684 4526 videre
701 4471 804 4543 gestit,

248 4557 317 4626 314,
342 4557 411 4628 3153
435 4557 504 4629 sed,
527 4560 692 4614 reluctante
717 4560 805 4629 Joan-

907 579 946 617 ne
960 562 1015 633 Ill,
1032 562 1136 618 annuit
1150 580 1188 617 ne
1206 564 1330 619 Romam
1351 564 1463 637 veniat,

906 649 1187 722 3463prorincialem
1197 651 1398 723 praepositum
1408 652 1465 706 Lu·

906 738 1031 794 sitaniae
1043 739 1181 795 eumdem
1190 749 1282 810 creat,
1292 752 1357 809 449;
1368 742 1465 795 horta·

906 840 954 885 tur
970 839 1002 885 ut
1015 830 1134 885 domum
1148 830 1328 902 probationis
1341 848 1358 886 a
1375 833 1463 887 colle·

904 917 964 989 giis
981 927 1146 991 separatam
1168 918 1313 993 instituat,
1328 918 1460 989 603-606;

905 1007 980 1079 petit
990 1017 1023 1063 ut
1032 1005 1185 1062 Estradam
1196 1007 1233 1061 ad
1241 1015 1359 1079 tempus
1370 1008 1399 1063 in
1410 1009 1462 1063 Hi·

905 1096 1038 1168 spaniam
1052 1097 1161 1168 mittat,
1177 1095 1311 1164 6οο6ο3;
1327 1098 1352 1152 si
1363 1106 1461 1153 tamen
1553 1158 1557 1165 ,

905 1201 958 1257 per
976 1187 1120 1256 Joannem
1142 1188 1186 1242 ΙΙΙ
1209 1186 1306 1254 liceat,
1329 1184 1460 1255 681-684;

906 1274 1010 1344 probat
1034 1274 1233 1330 Lancilottum
1259 1292 1275 1329 a
1306 1275 1462 1330 Rodericio

903 1362 1103 1432 praepositum
1117 1380 1185 1417 esse
1198 1361 1287 1417 sociis
1300 1363 1384 1418 Goae
1397 1380 1459 1417 ver·

903 1448 1049 1518 santibus,
1059 1449 1123 1523 ⁶443
1135 1450 1296 1506 Xaverium
1306 1466 1341 1505 ac
1351 1452 1461 1505 Masca·

903 1535 1027 1605 reniam,
1042 1535 1099 1592 iter
1108 1547 1244 1609 agentes,
1261 1537 1458 1611 commendat,

906 1636 972 1703 155,
1004 1642 1070 1680 cum
1096 1627 1226 1681 Xaverio
1250 1626 1418 1696 facultates,
1444 1644 1461 1681 a

904 1713 976 1768 sede
1007 1716 1169 1790 apostolica
1191 1732 1361 1787 concessas,
1381 1733 1459 1771 com·

904 1802 1045 1873 municat,
1058 1803 1122 1874 350,
1135 1802 1198 1874 351.

865 1890 1098 1965 lV.-1gnotius
1110 1897 1137 1948 at
1149 1894 1209 1948 atii
1219 1893 1458 1949 socii—Patrem

904 1980 1051 2036 Achillem
1076 1983 1107 2037 in
1128 1982 1232 2037 ordine
1256 1981 1459 2053 coadjutorum

903 2068 1099 2140 spiritualium
1112 2070 1246 2141 Ignatius
1258 2069 1400 2125 Societati
1410 2069 1460 2124 ad·

899 2157 1010 2231 jungit,
1025 2160 1090 2231 641,
1108 2160 1172 2229 642;
1191 2159 1322 2229 Adriano
1338 2158 1461 2214 Adriani

902 2248 1018 2321 copiam
1027 2248 1098 2303 iacit
1113 2266 1211 2303 sacros
1230 2247 1348 2303 ordines
1366 2248 1459 2303 susci·

902 2336 1012 2408 piendi,
1036 2348 1106 2405 7103
1131 2336 1288 2390 Araozium
1310 2352 1458 2390 commen·

902 2425 953 2480 dat
966 2434 996 2480 et
1009 2424 1119 2495 laudat,
1135 2426 1196 2497 1863
1214 2424 1343 2496 injungit
1360 2424 1457 2480 eidem

902 2527 936 2569 ut
944 2531 982 2569 ex
992 2516 1089 2569 animo
1100 2514 1238 2585 Gregorii
1248 2513 1367 2569 Polanci
1377 2515 1456 2569 avel-

902 2605 963 2658 lere
987 2610 1110 2659 conetur
1133 2602 1343 2676 suspicionem,
1369 2620 1455 2676 quam

900 2692 1044 2750 adversus
1070 2692 1250 2750 Societatem
1281 2701 1456 2764 conceptam

901 2785 1000 2854 habet,
1018 2797 1079 2854 190,
1104 2795 1165 2851 1913
1189 2783 1271 2837 illum
1294 2781 1457 2853 Hispaniae

900 2873 1099 2943 praepositum
1121 2871 1331 2944 provincialem
1349 2870 1457 2925 consti·

900 2961 968 3028 tuit,
986 2961 1116 3031 584-588,
1132 2960 1197 3028 6333
1216 2968 1394 3031 potestatem
1414 2959 1455 3014 ia-

899 3048 942 3104 cit
962 3049 1130 3104 dimittendi
1156 3067 1172 3104 e
1195 3048 1344 3103 Societate
1367 3049 1455 3103 Fran·

900 3136 1012 3192 ciscum
1025 3137 1062 3192 de
1075 3136 1173 3208 Rojas.
1190 3136 1318 3206 588·590;
1339 3137 1456 3190 Turrin-

898 3243 937 3281 no
950 3225 1069 3297 subjicit
1092 3227 1249 3281 Araozium
1263 3225 1294 3280 in
1308 3225 1354 3294 iis,
1379 3242 1455 3298 quae

898 3314 936 3369 ad
952 3313 1082 3384 corporis
1095 3329 1196 3368 curam
1213 3321 1245 3367 et
1262 3313 1373 3366 victum
1387 3329 1452 3383 spe·

898 3410 991 3472 etant,
1012 3415 1075 3472 5903
1099 3401 1235 3472 Borgiam
1257 3399 1389 3455 futurum
1412 3408 1455 3455 to·

899 3491 958 3546 tius
969 3491 1126 3546 Societatis
1136 3498 1224 3561 caput
1231 3487 1455 3559 Ignatiusprae·

897 3581 980 3651 dicit,
993 3579 1059 3653 4433
1075 3580 1156 3634 illum
1170 3581 1200 3634 in
1210 3578 1391 3633 Societatem
1404 3577 1455 3632 ad·

900 3670 1006 3742 mittit,
1031 3683 1173 3740 442·444;
1202 3668 1288 3739 jubet
1317 3666 1454 3722 eumdem

897 3759 1066 3832 theologiae
1095 3757 1306 3830 perdiscendae
1336 3773 1451 3828 vacare,

896 3865 931 3902 ac
944 3851 1072 3904 lauream
1086 3847 1116 3900 in
1131 3839 1281 3901 academia
1298 3843 1453 3916 gandienai

897 3935 1032 4008 adipisci,
1050 3950 1114 4004 4443
1130 3933 1243 4005 judicat
1261 3949 1320 3988 non
1338 3940 1453 4003 oporte-

897 4043 929 4081 re
948 4033 980 4080 ut
998 4025 1090 4079 duces
1111 4022 1245 4078 Gandiae
1267 4029 1453 4076 assumantur

896 4114 1016 4186 collegii
1030 4121 1061 4168 et
1072 4112 1241 4168 academiae
1255 4113 1332 4167 illius
1350 4109 1452 4165 civita·

897 4205 936 4260 tis
949 4211 1142 4272 protectores,
1153 4215 1217 4273 419,
1231 4216 1295 4273 420,
1309 4213 1374 4272 4413
1387 4215 1451 4254 aca·
1546 4192 1549 4197 ’

896 4293 1024 4348 demiam
1045 4292 1237 4364 gandiensem
1260 4289 1379 4361 optimis
1392 4304 1451 4344 ma-

895 4380 997 4452 gistris
1015 4381 1079 4434 vult
1096 4387 1239 4450 ornatam,
1257 4378 1321 4447 6973
1341 4387 1371 4431 et
1384 4393 1450 4448 apo·

896 4468 999 4524 stolica
1034 4468 1208 4522 auctoritate
1238 4465 1355 4534 fulciri,
1386 4463 1449 4536 7353

895 4557 974 4613 circa
1005 4559 1170 4629 neophytos
1198 4566 1327 4612 mentem
1369 4571 1451 4609 suam
