3625 5400
423 356 475 425 776
654 357 755 411 lunax
775 368 1000 423 asasonaauu,
1020 367 1129 411 aaauu
1148 368 1190 411 116
1209 367 1360 411 1060111111

421 509 526 579 aperit,
548 507 612 579 698,
629 508 693 579 699;
714 508 838 579 Borgiae
857 514 976 562 senten·

424 596 493 651 tiam
504 596 670 652 sciscitatur
679 596 756 651 circa
766 595 909 651 coenobia
920 595 977 650 vir·

421 686 524 756 ginum
538 686 762 742 barcinonensia
775 686 813 741 ad
827 687 977 741 meliorem

422 774 978 846 imgemrevocanda,382;judicatnon

424 873 559 935 oportere
583 874 615 921 ut
641 864 774 921 Gandiae
800 864 978 920 coenobium

426 955 571 1025 virginum
607 954 748 1010 Societati
778 954 979 1025 subjectarum

424 1044 564 1115 erigatur,
572 1058 635 1114 421;
643 1045 759 1101 Patrem
770 1044 939 1100 Camertem
949 1043 979 1097 in

426 1132 539 1187 Indiam
551 1132 650 1200 mittit,
664 1146 728 1202 7403
741 1132 883 1187 Societati
896 1131 979 1199 illum

423 1220 773 1292 aggregatcoadjutorem
784 1219 979 1292 spiritualem,

424 1311 488 1381 642,
507 1309 572 1380 6433
598 1309 750 1365 Canisium
776 1309 813 1363 ad
839 1308 980 1363 virtutem

424 1402 567 1467 hortatur,
581 1399 645 1470 3903
658 1402 687 1455 ei
701 1401 844 1471 permittit
859 1400 982 1455 arbitra·

426 1498 456 1544 tu
470 1506 524 1545 suo
534 1490 675 1545 Coloniae
691 1498 867 1545 manereaut
877 1489 935 1543 alio
948 1505 982 1543 se

424 1577 578 1645 conferre,
603 1594 671 1649 4093
701 1579 882 1650 Cyprianum
904 1578 982 1632 inter

425 1667 611 1739 coadjutores
646 1669 814 1740 spirituales
852 1668 981 1738 adlegit,

424 1756 488 1827 641;
503 1757 621 1815 Patrem
631 1759 850 1813 Domeneccum
860 1758 897 1811 ab
909 1758 981 1812 urbe

427 1847 530 1900 Parma
545 1854 674 1915 revocat,
694 1847 893 1915 159;11111111111
908 1845 982 1901 Sici·

426 1936 496 1991 liam
515 1934 616 2003 mittit,
634 1934 697 2004 483,
716 1936 779 2008 5323
797 1938 984 1990 Domenecco

428 2026 594 2080 mamertini
618 2025 737 2096 collegii
768 2025 983 2081 institutionem

432 2112 613 2169 tractandam
649 2114 817 2185 committit,
850 2112 982 2183 ,679-6813

428 2204 622 2259 Lancilottum
636 2204 835 2275 coadjutorem
849 2204 983 2275 spiritua-

378 2344 389 2369 ,
427 2296 485 2348 lem
495 2302 575 2348 creat
587 2310 622 2348 ac
635 2294 806 2364 participem
823 2294 983 2364 gratiarum

428 2378 587 2433 Societatis
600 2376 679 2446 iacit,
694 2378 758 2450 6463
771 2380 919 2449 Angelum
933 2380 987 2433 Pa-

429 2466 569 2522 radisium
584 2467 622 2521 ab
636 2466 742 2522 studiis
759 2468 878 2522 omnino
891 2486 985 2524 remo·

430 2555 493 2610 veri
507 2572 565 2611 non
580 2558 695 2627 probat,
710 2568 772 2621 212;
792 2556 908 2611 Patrem
933 2558 986 2611 Po·

431 2644 547 2698 lancum
557 2642 758 2715 reprehendit,
771 2655 835 2712 4573
852 2653 936 2699 curat
948 2660 986 2699 ne

430 2733 538 2802 eidem,
562 2733 741 2788 Societatem
761 2735 918 2805 sequenti,
941 2735 986 2789 vis

430 2821 582 2888 inferatur,
597 2821 650 2891 467
666 2823 729 2891 469,
748 2835 812 2891 471;
833 2823 915 2878 11111111
936 2823 986 2878 So·

429 2911 914 2983 cietatissecretariumconstituit,
922 2927 985 2984 519,

430 2999 493 3070 536,
520 2998 587 3071 5373
614 3000 733 3054 Petrum
760 3000 986 3056 Ribadeneiram

430 3089 588 3162 praecipuo
613 3105 711 3143 amore
735 3089 865 3160 ignatius
888 3107 987 3162 prose·

428 3179 548 3252 quitur,
574 3191 645 3247 520;
672 3179 808 3233 Michaeti
830 3179 985 3249 Turriano,

431 3270 523 3323 Roma
535 3265 711 3337 discedenti,
735 3268 870 3322 mandata
883 3268 984 3340 tradit,

358 3427 363 3436 Ι
430 3368 494 3424 4153
505 3355 587 3412 illum
598 3355 805 3410 Salmanticam
817 3357 917 3425 mittit,
928 3360 986 3413 eol-

433 3445 543 3515 legium
569 3443 727 3500 Societatis
758 3446 987 3521 auspicaturum,

433 3533 498 3598 632,
517 3533 580 3604 637,
608 3532 678 3602 6383
698 3534 867 3590 Cornelium
887 3535 991 3592 Visha-

432 3641 538 3680 vacum
562 3624 684 3678 Romam
709 3632 827 3691 evocat,
855 3624 984 3696 533·535;

431 3713 650 3769 coloniensibus
661 3713 750 3768 sociis
759 3713 899 3784 dispersis
906 3717 987 3786 lgna·

433 3805 491 3860 tius
508 3801 545 3856 ad
567 3803 729 3857 animorum
749 3804 987 3874 conjunctionem

433 3891 606 3948 servandam
626 3892 740 3957 scribit,
754 3905 820 3962 295,
832 3895 988 3952 conimbri.

433 3995 538 4033 censes
561 3975 597 4030 ad
621 3977 809 4031 christianam
833 3977 988 4050 perfectio-

435 4085 502 4123 nem
516 4065 715 4137 adripiendam
729 4066 911 4138 adhortatur,
924 4083 990 4140 495-

435 4156 604 4225 5101611111
625 4156 835 4225 obedientiam,
858 4157 988 4230 687-693;

432 4248 611 4320 gandienses
624 4248 710 4304 docet
728 4249 846 4304 modum
860 4251 990 4321 eligendi

434 4338 490 4392 sibi
515 4338 744 4410 moderatorem,
767 4339 815 4394 cui
837 4341 988 4413 obediant,

434 4427 562 4497 551-5623
579 4428 625 4495 iis,
648 4429 746 4501 quiin
769 4430 849 4484 India
873 4449 991 4487 versan-

435 4525 493 4584 tur,
516 4517 619 4573 suadet
642 4527 675 4573 ut
697 4518 792 4574 virum
815 4519 991 4575 industrium

1068 508 1196 578 mittant,
1208 506 1258 580 qui
1272 507 1413 562 lusitanos
1431 524 1465 561 ac
1489 524 1634 561 romanos

1067 596 1214 667 principes
1227 595 1265 650 de
1278 598 1367 651 rebus
1390 595 1499 651 indicis
1524 594 1634 649 docere

1068 694 1168 758 queat,
1180 684 1245 753 638,
1266 683 1331 755 639,
1349 684 1414 754 648,
1430 685 1500 753 649;
1520 701 1540 737 a
1554 683 1635 738 losa·

1068 773 1221 829 aiensibus
1251 773 1341 827 sociis
1378 771 1512 844 exquirit
1543 787 1634 842 quem

1069 879 1171 916 eorum
1184 861 1321 916 idoneum
1332 860 1478 932 judicent,
1498 860 1555 933 qui
1568 876 1636 914 cae·

1069 951 1141 1005 teris
1155 950 1275 1023 praesit,
1289 964 1419 1022 595·597;
1442 968 1496 1005 eos
1516 949 1558 1005 ad
1579 951 1634 1002 vir-

1069 1048 1164 1095 tutem
1177 1040 1280 1110 allicit,
1293 1040 1356 1109 659,
1370 1040 1436 1093 666.

1035 1129 1252 1202 V.-Ignatius
1265 1134 1293 1184 et
1302 1129 1367 1183 viri
1379 1128 1498 1184 externi
1501 1128 1635 1196 ,Alag-

1070 1218 1205 1274 dalenam
1217 1219 1256 1273 de
1267 1220 1363 1273 Araoz
1372 1219 1483 1272 solatur
1493 1215 1635 1287 ignatius

1070 1307 1108 1363 de
1121 1317 1215 1363 morte
1229 1308 1308 1363 illius
1322 1307 1388 1380 viri,
1405 1307 1635 1376 151,152;Mar-

1070 1398 1234 1474 garitae,de
1249 1398 1378 1469 Austria,
1399 1406 1524 1469 peccata
1544 1395 1634 1450 conti·

1071 1488 1158 1553 tenti,
1171 1504 1258 1541 aures
1271 1489 1404 1558 praebet,
1417 1486 1477 1553 182;
1489 1485 1634 1557 illiusque

1071 1575 1175 1645 filium,
1194 1578 1338 1647 Joannem
1358 1576 1491 1643 Paulum,
1516 1574 1634 1629 lustrali

1071 1683 1147 1738 aqua
1164 1665 1296 1737 intingit,
1309 1664 1372 1735 316,
1386 1664 1449 1736 3173
1463 1664 1633 1735 Gasparem

1073 1754 1290 1824 Conterenum,
1315 1754 1510 1824 cardinalem,
1541 1754 1633 1808 sacris

1074 1843 1314 1899 meditationibus
1337 1852 1467 1910 exercet,
1492 1843 1559 1912 1353
1581 1843 1634 1897 Pe·

1075 1943 1120 1989 tro
1133 1933 1302 1989 Contareno
1315 1932 1429 2002 scribit,
1447 1933 1509 2001 123;
1530 1950 1568 1988 ac
1585 1950 1633 2004 pe·

1073 2022 1224 2091 regrinum
1249 2018 1405 2087 quemdam
1429 2021 1631 2082 commendat.

1077 2110 1215 2178 156,157;
1234 2109 1291 2181 ipsi
1313 2109 1492 2164 Societatem
1515 2127 1535 2164 a
1558 2110 1631 2163 Pau-

1074 2200 1103 2253 lo
1114 2197 1222 2268 Ill,die
1233 2211 1266 2267 27
1277 2198 1462 2270 Septembris
1474 2210 1629 2269 1540,c0n·

1073 2289 1218 2343 firmatam
1228 2305 1307 2359 esse,
1321 2287 1448 2357 nuntiat,
1464 2286 1527 2356 1683
1547 2287 1630 2358 Jaco-

1076 2380 1146 2433 bum
1159 2377 1365 2433 Crescentium
1378 2377 1511 2431 hortatur
1525 2376 1565 2429 ad
1582 2392 1630 2429 ne·

1074 2467 1222 2537 gotiorum
1240 2483 1359 2520 suorum
1373 2466 1627 2537 compositionem,

1077 2566 1140 2626 291,
1153 2568 1215 2624 292;
1230 2553 1308 2626 apud
1322 2553 1395 2609 Diaz
1407 2553 1446 2609 de
1463 2554 1548 2608 Luco
1565 2569 1629 2607 sese

1062 2652 1199 2709 ⁴excusat
1211 2642 1290 2716 quod
1307 2653 1436 2717 nequeat
1452 2660 1523 2716 prae
1539 2642 1629 2698 socio

1076 2753 1140 2789 rum
1165 2734 1314 2806 paucitate
1335 2734 1431 2789 socios
1457 2734 1579 2789 mittere
1602 2731 1629 2785 in

1077 2822 1236 2877 dioecesim
1274 2821 1530 2892 calagurritanam,
1567 2818 1628 2882 3133

1077 2911 1195 2980 Doimo,
1204 2911 1299 2965 amico
1309 2928 1344 2964 ac
1353 2910 1500 2978 familiari,
1512 2925 1630 2981 respon·

1077 3017 1143 3054 sum
1156 3001 1259 3055 scribit
1272 2998 1400 3054 dandum
1414 3000 1467 3070 illi,
1481 3000 1531 3072 qui
1542 2998 1629 3070 jesui-

1078 3097 1124 3144 tas
1137 3105 1241 3143 omnes
1259 3088 1384 3142 flammis
1401 3089 1566 3144 exstinctos
1584 3103 1630 3139 vo-

1078 3181 1169 3248 lebat,
1180 3179 1244 3248 4083
1255 3179 1377 3233 Herculi
1387 3178 1425 3235 de
1436 3181 1506 3233 Este
1515 3188 1628 3249 gratum

1078 3269 1117 3322 ob
1131 3267 1276 3322 beneficia
1294 3276 1417 3339 accepta
1438 3268 1569 3322 animum
1588 3283 1630 3320 os·

1079 3357 1186 3424 tendit,
1205 3369 1266 3426 257,
1285 3357 1348 3425 258,
1368 3357 1497 3426 568·57ο;
1512 3357 1629 3412 Nicolao

1080 3449 1180 3502 Furno
1205 3455 1301 3501 utrum
1328 3447 1460 3516 ignatius
1484 3446 1631 3520 scripserit

1085 3555 1191 3602 necne,
1215 3538 1374 3604 incertum3
1401 3535 1543 3608 quaedam
1569 3551 1629 3589 sua·

1076 3626 1159 3696 dent,
1177 3626 1230 3681 sed
1248 3628 1336 3696 longe
1353 3627 1437 3698 plura
1456 3624 1627 3692 inficiantur,

1079 3716 1205 3789 126-1313
1220 3717 1309 3770 Petro
1321 3715 1480 3785 Gonzalez,
1495 3715 1583 3770 aedes
1600 3713 1626 3766 111

1077 3806 1186 3879 oppido
1200 3808 1273 3861 Asta
1284 3805 1377 3876 Regia
1390 3805 1538 3869 offerenti,
1549 3805 1626 3874 lgna·

1078 3895 1137 3949 tius
1150 3910 1209 3949 non
1227 3893 1341 3960 annuit,
1354 3889 1491 3963 629631;
1511 3891 1626 3948 Guidic·

1078 3983 1210 4054 cionem,
1241 3981 1436 4052 cardinalem,
1466 3980 1627 4036 fundandae

1078 4072 1221 4128 Societati
1229 4071 1371 4127 acerrime
1379 4070 1627 4141 resistentem,lle-

1079 4171 1160 4218 ctere
1169 4161 1248 4233 apud
1259 4163 1355 4216 Deum
1365 4159 1487 4226 insistit,
1497 4160 1587 4216 sacris
1595 4157 1627 4212 ad

1080 4251 1137 4306 duo
1155 4251 1245 4306 millia
1262 4250 1382 4321 oblatis,
1402 4262 1462 4319 177;
1476 4250 1627 4304 Hammon-

1081 4338 1625 4411 tano,prioricoloniensisCarthusiae‚

1079 4430 1190 4502 gratias
1203 4429 1275 4500 agit,
1290 4429 1353 4496 5263
1367 4429 1508 4499 Henrico,
1522 4428 1627 4483 Lusita·

1082 4520 1148 4575 niae
1171 4520 1308 4592 principi,
1328 4518 1466 4575 devotam
1484 4518 1563 4590 gerit
1583 4533 1624 4571 vo·
