3625 5400
388 375 442 434 ⁶32
765 378 971 437 Murmura
990 378 1166 434 1111111111

347 529 481 617 gracias
495 550 562 615 que
578 529 670 600 tiene
685 532 718 599 la
733 532 937 618 Campania,
960 535 1060 597 como
1079 536 1101 597 1
1120 530 1333 616 coadjuttor:
1356 552 1381 615 y
1394 529 1575 616 agittando

347 652 409 713 aea
424 646 457 713 la
472 645 626 726 materia,
644 668 707 713 nos
722 646 877 734 parescio
892 667 961 733 que
975 647 1120 713 bastaua
1135 656 1232 715 tener
1247 644 1500 713 lamuctoridad
1517 646 1573 712 sin

346 771 497 849 patente,
515 773 633 831 atento
648 783 715 847 que
730 784 799 849 yua
813 784 896 850 para
911 761 1055 843 studiar3
1073 785 1096 849 y
1112 762 1212 829 hasta
1226 783 1308 831 veer
1322 762 1450 849 alguna
1466 760 1574 827 maior

347 876 550 945 sufficientia
564 878 608 944 de
623 878 738 960 letrae,
756 898 824 963 que
841 900 887 945 no
906 883 996 945 seria
1016 887 1113 944 tanto
1133 877 1165 944 al
1186 876 1362 965 proposito
1377 898 1461 963 para
1481 897 1574 947 mos-

350 1004 419 1059 trar
434 1003 585 1080 patente,
604 1014 665 1080 por
680 994 813 1061 buenos
828 1005 1009 1081 respettos,
1027 1000 1048 1061 a
1070 1014 1188 1079 mayor
1202 992 1313 1081 gloria
1327 1004 1342 1032 ⁸
1356 992 1485 1060 diuina:
1503 1016 1526 1078 y
1540 994 1574 1059 el

348 1130 403 1176 me
420 1129 540 1195 parece
555 1130 593 1177 se
608 1114 770 1177 contento
785 1110 888 1179 dello.

419 1225 614 1309 Inscriptio.
641 1226 776 1294 Torres.

920 1351 1000 1432 22⁰

464 1520 467 1527 ·
582 1482 740 1549 PATRI
776 1470 1036 1551 MICHAELI
1070 1484 1345 1552 TURRIANO

631 1608 720 1652 110111
733 1609 818 1653 aura
830 1609 960 1653 uausau
972 1609 1168 1655 uoveuaauu
1183 1609 1252 1667 ¹547
1264 1599 1285 1651 ¹.

271 1736 278 1751 ·
354 1713 459 1785 Refert
476 1713 619 1787 lgnolius
634 1713 710 1784 quid
720 1712 823 1785 suerii
839 1719 1016 1786 responsam
1032 1714 1114 1770 circo
1129 1716 1372 1786 anteponendum
1389 1718 1444 1768 aul
1457 1718 1573 1785 postpo-

627 1803 762 1857 nendum
775 1807 892 1875 tempus
903 1804 1045 1858 horarias
1054 1809 1156 1874 preces
1168 1804 1299 1877 agendi.

418 1920 485 1985 Los
502 1929 646 2005 agentes
664 1921 713 1987 M.
732 1919 843 1988 Pedro
859 1919 1010 1986 Codazio
1024 1919 1243 2005 yFrancisco
1254 1920 1385 2007 Capata
1396 1940 1452 1986 me
1466 1918 1571 1985 infor-

352 2057 431 2101 man
446 2055 514 2118 que
529 2055 574 2099 no
589 2054 627 2101 se
642 2034 686 2100 da
702 2032 839 2101 licentia
854 2055 937 2121 para
952 2035 1131 2120 antiponer
1151 2057 1174 2119 y
1194 2056 1363 2121 posponer
1381 2036 1498 2112 horas,
1519 2044 1571 2099 to-

352 2149 477 2215 mando
489 2172 534 2214 vn
548 2150 603 2215 dia
615 2170 697 2235 para
708 2159 796 2229 otro,
811 2169 910 2215 como
922 2150 1117 2231 entienden3
1131 2171 1247 2236 ypara
1257 2171 1364 2235 ponar
1373 2154 1447 2215 mas
1459 2149 1572 2233 luerca

350 2285 395 2331 cn
410 2264 489 2344 ello,
508 2286 553 2330 no
570 2286 624 2332 me
640 2275 771 2346 atreuo,
790 2276 1022 2349 mayormente
1041 2267 1231 2351 asperando
1250 2285 1318 2349 que
1338 2286 1401 2332 nos
1422 2286 1572 2333 vercmos

352 2381 385 2449 el
400 2389 469 2447 afro
485 2400 553 2464 que
570 2380 668 2447 viene
685 2380 710 2445 ¹:
728 2400 751 2464 y
766 2389 863 2446 entre
881 2390 976 2446 tanto
988 2401 1123 2466 parece,
1137 2379 1323 2448 mirandoa
1337 2381 1437 2447 todas
1447 2388 1570 2466 partes,

351 2516 419 2579 que
436 2516 480 2561 no
495 2495 666 2579 ae-pierde
681 2514 762 2561 cosa
781 2475 815 2575 *ἶ
825 2500 845 2559 a
861 2495 894 2559 lo
910 2516 1041 2576 menos
1058 2494 1088 2563 si
1103 2478 1147 2561 de
1162 2497 1290 2582 alguna
1305 2516 1342 2562 se
1357 2494 1474 2581 pierde
1488 2494 1515 2574 ¹²,
1536 2516 1574 2562 se

352 2630 443 2696 gana
457 2610 502 2677 dc
517 2621 603 2677 otra.
621 2610 696 2677 Con
717 2611 799 2676 todo
815 2620 900 2691 esto,
918 2609 948 2675 si
962 2609 1232 2677 absolutamente
1252 2632 1308 2679 me
1327 2609 1470 2691 escribe,
1494 2614 1573 2676 hare

354 2734 482 2807 quanto
498 2726 649 2812 pudiere.

418 2841 612 2926 Inscriptio.
629 2821 767 2908 torres.

402 3043 415 3069 a
453 3027 541 3096 Quae
553 3031 723 3094 sequuntur
735 3045 832 3083 monu
845 3029 876 3084 S.
891 3028 1012 3102 Ignatii
1023 3029 1138 3099 scripto
1149 3031 1229 3081 sunl.

401 3133 414 3158 ³
452 3115 632 3186 [ncomplela
652 3117 729 3172 hunc
747 3117 869 3188 periodi
886 3121 1009 3188 portem
1029 3116 1202 3171 emendavit
1220 3115 1251 3171 S.
1275 3115 1432 3188 Ignitum,
1455 3116 1577 3185 ideoque

348 3205 437 3259 illam
451 3205 654 3275 relinquimus
663 3207 757 3274 prout
769 3209 836 3260 aral
849 3209 919 3260 onte
931 3205 1187 3270 emendationem
1199 3205 1288 3259 illam
1304 3208 1406 3260 ouum
1422 3205 1466 3258 sic
1481 3219 1577 3258 emea-

352 3295 450 3348 dooil:
472 3295 554 3348 inter
576 3309 608 3347 se
630 3298 658 3348 el
680 3293 780 3365 pierde
802 3294 924 3366 scripsit
940 3294 1045 3362 siente,
1065 3293 1419 3349 elconcelloviluerbum
1428 3307 1506 3347 cosa.
1543 3320 1578 3331 -

353 3385 367 3424 b
394 3382 487 3436 Verbo
501 3398 534 3435 se
547 3380 648 3452 pierda
661 3383 782 3437 addidit
796 3383 827 3438 S.
842 3381 993 3456 lgnotius.
1453 3378 1460 3390 ’

350 3532 440 3600 nitur,
454 3533 522 3604 quia
534 3532 660 3588 fortasse
672 3548 739 3588 cum
752 3533 952 3605 superioribus
966 3533 1054 3588 missa
1066 3540 1122 3588 est.
1137 3533 1174 3587 Et
1186 3539 1267 3588 certe
1281 3534 1404 3587 multum
1417 3531 1530 3586 differri
1542 3530 1577 3584 ad

350 3621 480 3675 futurum
493 3629 609 3692 tempus
622 3638 680 3677 uon
693 3631 806 3694 potest3
821 3639 887 3678 nam
901 3622 1037 3694 sequenti
1052 3638 1128 3677 anno
1143 3621 1211 3690 1548
1226 3621 1287 3692 jam
1304 3619 1342 3676 de
1359 3620 1520 3676 Mendozae
1534 3637 1577 3674 re·

351 3711 415 3765 ditu
429 3709 458 3764 iu
472 3711 585 3766 Urbem
598 3713 751 3782 agebatur.

408 3805 414 3833 ¹
454 3801 496 3854 Ex
509 3802 572 3854 cod.
588 3801 675 3854 Rom.
692 3801 716 3865 l,
731 3801 853 3868 archet.‚
868 3818 898 3854 n.
913 3801 992 3854 LXII
1005 3798 1058 3869 (3.·
1071 3801 1159 3870 loco),
1172 3799 1254 3872 prius
1265 3799 1310 3853 86.

406 3893 416 3921 ²
454 3887 593 3958 Cogitata
611 3887 731 3960 quidem
744 3897 790 3943 est
807 3889 942 3944 Turriani
958 3887 1101 3960 profectio
1117 3888 1148 3943 in
1166 3888 1289 3943 ltaliam.
1308 3887 1340 3942 ld
1358 3887 1437 3942 enim
1455 3886 1581 3942 innuunt

355 3979 428 4032 haec
441 3976 581 4032 schedula
594 3985 624 4032 et
637 3979 738 4045 verba,
753 3995 829 4050 quae
847 3978 990 4033 Araozius
1006 3990 1016 4031 1
1033 3977 1215 4049 Septembris
1230 3989 1297 4046 1547
1314 3967 1481 4031 Montiaoue
1497 3977 1581 4046 Iguu-

358 4066 399 4120 tio
412 4065 570 4120 scribebat:
586 4067 638 4121 «El
652 4067 762 4122 Doctor
774 4067 880 4122 Torres
894 4085 911 4121 a
924 4065 1026 4121 estado
1039 4069 1118 4138 aqui,
1132 4084 1152 4136 y
1170 4083 1202 4121 se
1219 4084 1237 4120 1
1251 4066 1319 4137 ydo,
1341 4083 1410 4136 para
1429 4074 1494 4120 este
1510 4064 1581 4136 Sep

354 4152 480 4208 tiembre
493 4171 528 4224 yr
541 4157 557 4208 1
572 4154 684 4224 Alcala,
697 4173 717 4226 y
729 4154 767 4209 de
780 4156 829 4210 alli
842 4171 911 4224 yrse
923 4158 940 4210 1
953 4147 1079 4226 Gaudia,
1097 4172 1117 4225 y
1131 4157 1192 4209 leer
1204 4162 1267 4209 asta
1280 4171 1337 4226 que
1350 4171 1401 4208 sea
1418 4153 1527 4224 tiempo
1543 4152 1582 4207 de

354 4257 439 4311 pasar
453 4244 470 4296 a
484 4242 595 4299 Italia».
612 4243 709 4316 Epist.
724 4243 849 4308 Mixtoe,
869 4245 894 4314 1,
906 4241 970 4314 398.
984 4243 1051 4298 Nou
1064 4252 1162 4298 tamen
1179 4243 1210 4297 in
1226 4242 1340 4297 Italiam
1357 4239 1506 4313 profectus
1524 4249 1580 4313 est,

356 4329 409 4385 sed
424 4330 643 4402 Salmanticam‚
656 4349 715 4404 quo
727 4332 808 4388 illum
823 4333 964 4404 Ignatius‚
978 4331 1014 4387 ad
1026 4331 1212 4387 condendum
1225 4332 1255 4386 in
1264 4332 1319 4387 hac
1331 4331 1405 4385 urbe
1413 4328 1582 4401 collegium,

355 4417 445 4473 misit.
468 4420 555 4476 Unde
573 4421 741 4491 colligimus
758 4423 833 4476 hanc
853 4421 1023 4476 schedulam
1041 4420 1134 4475 luisse
1157 4422 1196 4474 ab
1217 4419 1333 4491 Ignatio
1354 4419 1495 4490 scriptam
1515 4425 1583 4473 ante

357 4523 489 4563 mensem
503 4509 714 4580 Nouembrem,
727 4527 785 4582 quo
798 4527 913 4580 mense,
926 4517 959 4564 ut
971 4509 1080 4564 scimus
1093 4527 1131 4563 ex
1144 4508 1260 4579 Borgia,
1281 4507 1397 4563 litterae
1414 4508 1452 4563 ad
1467 4507 1584 4562 Turria·

355 4611 425 4650 1111111
438 4595 523 4652 datae
537 4608 606 4653 sunt
620 4607 652 4654 ut
665 4597 872 4654 Salmanticam
886 4597 1128 4672 proficisceretur.
