3625 5400
431 355 485 429 734
803 354 1016 413 nonnum
1034 355 1217 415 lemme

393 510 432 577 in
447 530 524 579 essa
541 510 607 576 che
622 508 644 575 il
662 508 846 575 contrario.
864 508 940 575 Che
960 508 1111 577 anchora
1121 530 1195 593 qua
1214 508 1339 578 alcune
1357 509 1489 595 grande
1511 530 1633 595 perso-

393 648 498 713 nage,
516 647 537 692 0
552 624 576 690 il
592 624 650 710 piu
666 624 810 711 grande,
820 623 993 691 hauendo
1010 634 1132 708 queste
1147 622 1364 693 estimatione
1375 625 1463 693 della
1475 625 1634 711 Compa-

393 741 489 830 gnia,
508 752 543 809 et
558 740 732 810 credendo
746 741 812 808 che
826 740 851 805 li
867 738 974 805 nostri
993 740 1111 805 sarano
1126 740 1249 806 alcune
1260 761 1341 807 cose
1356 739 1391 805 di
1407 742 1476 806 bon
1488 741 1582 806 odor
1592 743 1635 808 de

393 856 509 944 quelle
524 859 589 927 che
604 856 638 923 io
653 858 698 935 ho
715 856 807 935 det0,
825 876 863 931 se
880 854 1045 952 alegruno
1064 853 1098 927 iu
1121 836 1256 940 spiritu.
1278 856 1322 927 Et
1343 878 1424 943 pera
1442 856 1563 946 questi
1583 859 1634 923 ef-

374 972 472 1041 -fetti
491 974 523 1041 la
543 994 623 1039 cosa
643 975 708 1038 che
728 971 778 1038 sia
801 970 858 1056 piu
880 970 1112 1038 conueniente
1133 980 1169 1039 et
1189 972 1437 1052 necessariae,
1461 976 1531 1039 che
1553 973 1634 1038 tutti

394 1101 551 1157 stasseno
567 1086 709 1155 insieme
725 1088 846 1157 adesso
861 1084 895 1152 in
913 1084 1053 1168 chiesia,
1071 1084 1244 1161 adessoiu
1256 1088 1444 1174 hospedaii,
1458 1086 1634 1157 adessoin

393 1205 484 1273 altro
500 1206 587 1285 loco,
605 1224 665 1289 per
681 1213 780 1289 poter
794 1203 828 1268 lo
843 1203 931 1267 fatto
946 1201 980 1266 al
993 1200 1117 1286 giorno
1132 1200 1283 1269 conserit
1297 1212 1333 1268 et
1348 1202 1381 1268 lo
1400 1203 1488 1268 altro
1503 1204 1552 1269 da
1569 1203 1631 1267 far.

394 1320 545 1407 Quando
561 1327 683 1403 questo
699 1339 770 1385 non
786 1321 924 1405 potesse
939 1336 1046 1397 esser,
1065 1317 1182 1383 alhora
1197 1316 1272 1385 seri
1285 1317 1497 1385 contentarci
1515 1340 1587 1384 con
1602 1318 1635 1383 lo

394 1438 461 1503 che
477 1446 665 1522 poteramo.
716 1446 718 1451 ’
754 1446 756 1453 “

464 1554 531 1620 Per
552 1561 663 1634 tauto,
687 1560 816 1635 quanto
837 1549 894 1635 piu
915 1558 1047 1616 secreto
1067 1558 1222 1640 poterete
1241 1560 1277 1616 et
1297 1570 1401 1617 senza
1419 1549 1592 1636 oponerui
1615 1570 1633 1615 a

395 1679 519 1753 questo
535 1666 723 1753 proposito,
742 1665 779 1733 ui
793 1686 902 1751 prego
921 1667 988 1733 che
1006 1684 1076 1729 non
1097 1666 1223 1733 lassate
1243 1666 1287 1733 de
1308 1687 1435 1750 ponere
1450 1664 1540 1751 ogni
1556 1663 1631 1729 dili-

395 1804 508 1871 genza
536 1780 710 1868 possibile,
733 1792 768 1848 et
790 1778 1024 1849 scriuendomi
1044 1778 1126 1866 ogni
1154 1780 1349 1861 settimana,
1374 1791 1410 1849 et
1435 1780 1631 1847 nominata·

397 1909 513 1966 mente
529 1900 562 1964 la
578 1896 750 1983 diligenza
766 1898 831 1963 che
848 1898 976 1964 hauete
991 1905 1091 1982 posto
1103 1895 1194 1963 circa
1205 1896 1229 1961 il
1241 1898 1289 1963 tal
1300 1896 1521 1978 monasterio,
1536 1895 1624 1963 chie

394 2015 460 2095 sia,
479 2012 663 2098 hospitale,
682 2034 703 2079 o
719 2012 763 2079 de
778 2012 864 2078 altra
880 2012 1005 2078 alcuna
1020 2011 1158 2092 stantia3
1176 2012 1389 2098 pregandoui
1400 2015 1554 2078 anchora
1569 2012 1631 2077 che

396 2130 434 2195 in
462 2094 585 2195 alcime
608 2148 688 2194 cose
708 2127 751 2195 de
772 2136 893 2211 queste
914 2127 1203 2195 moderatamente
1226 2127 1379 2213 uogliate
1399 2127 1628 2206 scominciar'3

398 2245 525 2332 perche
541 2244 680 2330 quando
695 2244 870 2309 andarano
883 2240 906 2306 li
919 2241 996 2308 altri
1008 2252 1043 2310 et
1057 2243 1224 2309 trouando
1236 2244 1360 2309 alcuna
1371 2245 1487 2310 strada
1498 2243 1629 2310 comin-

397 2360 499 2441 ciata,
518 2380 665 2445 possano
681 2356 826 2444 meglior
843 2395 884 2407 -
902 2394 946 2407 -
961 2357 1073 2431 aizare
1089 2370 1103 2397 ²
1119 2360 1184 2425 che.
1201 2358 1346 2426 tacendo
1364 2357 1479 2425 alcuni
1489 2356 1629 2427 ¹seruitii

398 2477 436 2542 in
463 2474 577 2541 alcuni
605 2472 764 2559 hospitali
786 2494 845 2559 per
865 2473 987 2541 alcune
1008 2474 1100 2541 volte
1120 2473 1162 2539 irr
1178 2476 1210 2539 la
1230 2468 1413 2541 settimane
1433 2485 1469 2541 et
1488 2474 1525 2539 in
1547 2475 1629 2539 altre

398 2613 504 2678 opere
522 2590 587 2675 pie,
606 2592 670 2656 che
686 2589 709 2655 il
728 2576 844 2657 uestro
860 2609 980 2673 parere
996 2610 1064 2673 qua
1080 2600 1115 2657 et
1131 2589 1163 2655 le
1180 2609 1249 2655 non
1266 2591 1382 2657 ualeri
1400 2610 1536 2657 manco.

468 2707 672 2793 Monsignor
692 2705 859 2774 Archinto
881 2727 951 2773 non
972 2706 1117 2773 tacendo
1138 2705 1312 2787 instantia,
1327 2709 1439 2774 ‘Mtru
1462 2706 1590 2772 Lainez
1611 2705 1627 2770 ὲ

400 2824 527 2889 andato
543 2822 579 2887 in
595 2821 742 2889 Venetia
758 2822 769 2854 ⁵
786 2832 821 2886 et
837 2822 942 2888 eredo
959 2842 1020 2906 per
1031 2822 1145 2907 quelle
1157 2821 1244 2907 parti
1256 2821 1463 2907 predicando
1476 2822 1524 2888 lui
1537 2834 1572 2890 et
1585 2843 1627 2888 un

400 2939 500 3018 altro,
519 2958 616 3005 come
631 2959 676 3005 ue
692 2958 772 3024 pare
789 2938 855 3006 che
871 2958 941 3003 non
957 2918 1092 3004 undeni)
1108 2957 1169 3022 per
1183 2937 1305 3004 adesso
1320 2960 1358 3005 se
1379 2958 1448 3003 non
1464 2937 1535 3018 doi,
1553 2959 1626 3023 par-

403 3053 513 3120 tisano
528 3062 665 3138 passato
681 3035 912 3137 questo'mese
927 3073 1009 3136 pera
1024 3052 1114 3118 doue
1130 3052 1166 3118 ui
1182 3062 1329 3122 trouate.

470 3171 508 3234 ln
524 3182 594 3236 star
607 3167 687 3234 tutti
704 3166 837 3234 insiemi
852 3169 884 3232 le
900 3188 970 3233 non
985 3169 1014 3233 si
1028 3177 1126 3235 troua
1139 3189 1200 3254 per
1212 3189 1281 3252 qua
1292 3169 1377 3233 altra
1389 3169 1555 3249 dificultu,
1569 3171 1628 3234 che

400 3284 481 3350 delli
505 3282 762 3350 mantenimenti
785 3281 964 3368 corporali3
987 3293 1023 3350 et
1043 3305 1111 3349 non
1132 3305 1349 3351 vorressemo
1370 3285 1435 3353 che
1456 3307 1493 3352 se
1513 3306 1558 3352 ne
1580 3283 1627 3350 di-

402 3422 511 3467 cesse:
530 3399 684 3468 modicae
699 3397 780 3467 fidei
796 3399 821 3479 4;
840 3398 999 3466 volucres
1015 3398 1104 3465 coeli
1121 3401 1146 3480 ⁵,
1163 3410 1230 3476 etc.

455 3637 468 3664 a
491 3622 599 3676 Prima
610 3623 715 3676 littera
726 3623 884 3692 perspicue
897 3622 961 3695 legi
972 3639 1034 3676 non
1044 3627 1153 3694 potest:
1165 3623 1288 3678 videtur
1303 3623 1314 3693 j
1332 3625 1380 3678 vel
1397 3640 1422 3691 s;
1434 3627 1487 3680 sed
1496 3625 1583 3698 forte
1593 3621 1629 3676 et

401 3711 508 3764 littera
521 3711 629 3781 aliqua
640 3729 708 3766 cum
721 3710 956 3766 abbreviationis
967 3713 1067 3784 signo.

405 3834 615 3844 *-

459 3901 470 3931 ³
507 3897 553 3954 Cf.
570 3899 694 3971 epistola
712 3911 771 3968 114,
782 3916 848 3971 pag.
862 3897 926 3970 362,
939 3898 990 3954 ubi
1004 3900 1162 3955 Ferronius
1175 3913 1208 3970 19
1218 3901 1372 3958 Februarii
1387 3902 1455 3972 1546
1464 3904 1576 3959 scribit:
1587 3899 1625 3953 uel

404 3987 436 4043 P.
452 3989 537 4044 Mtro.
555 3987 660 4043 Laines
672 4007 692 4060 y
707 3989 791 4044 Mtro.
808 3987 995 4044 Salmeren...
1011 4007 1043 4044 se
1056 3989 1197 4044 deterntn
1208 3991 1292 4045 hasta
1302 3993 1330 4046 la
1340 3976 1448 4064 pasc'he
1458 3989 1627 4064 predicando

403 4095 424 4149 y
438 4077 628 4132 exercitando
641 4095 676 4132 su
690 4077 854 4150 profession
867 4086 932 4133 esta
944 4096 1099 4151 quaresma
1112 4097 1149 4133 en
1160 4079 1271 4147 Padua,
1285 4081 1428 4153 Bolouay
1441 4081 1626 4150 Venecia...y

403 4165 516 4238 depoes
530 4171 694 4222 tornatfioe
713 4167 858 4240 porsiguir
872 4185 907 4223 su
920 4169 1035 4223 camino
1047 4169 1131 4223 hasta
1141 4169 1280 4225 Trento».

458 4257 469 4290 ⁴
507 4255 636 4312 MATTH.
651 4257 704 4328 vl,
718 4255 763 4326 303
778 4257 855 4313 Luc.
871 4257 938 4327 xn,
952 4270 987 4310 22
1000 4266 1031 4312 et
1044 4273 1126 4330 seqq.

459 4347 471 4414 ἒ
509 4346 637 4402 timu.
653 4346 736 4416 VIII,
750 4360 795 4400 20.
