3625 5400
575 566 680 621 Enisa.
698 567 799 620 6.—12
818 567 994 623 Faunussn
1014 567 1082 636 1536
1371 583 1405 648 97

207 741 338 804 queen
353 721 420 787 eila
435 725 485 786 asi
502 720 597 809 ohra3
616 744 659 789 en
674 719 778 806 quien
794 742 927 808 esper0,
946 722 976 790 si
991 724 1082 791 dello
1098 723 1198 790 hade
1214 748 1290 793 seer
1305 725 1455 792 seruido·

208 837 415 922 yaiabado,
438 860 461 923 y
482 859 602 923 mayor
621 839 795 923 prouecho
816 861 898 926 para
918 850 1092 921 nosotros,
1115 863 1178 908 nos
1200 841 1340 926 juntara
1363 841 1442 908 bien

209 965 344 1039 presto.

283 1071 394 1140 Sesta:
424 1091 487 1156 por
513 1072 546 1138 lo
572 1093 639 1157 que
666 1093 720 1138 me
748 1071 902 1140 escribiis
933 1072 987 1139 del
1019 1073 1224 1141 monasterio
1255 1074 1298 1141 de
1325 1085 1444 1144 sancta

211 1185 318 1253 Clara
333 1189 360 1265 ⁹,
378 1186 484 1253 cicrto
503 1209 548 1255 no
571 1199 677 1273 tengo
698 1209 760 1273 por
780 1188 970 1255 christiano
991 1189 1103 1273 aquei,
1122 1195 1142 1256 a
1163 1189 1266 1274 quien
1284 1211 1328 1255 no
1352 1200 1440 1257 atra-

210 1300 312 1372 biesa
328 1302 409 1369 toda
423 1324 465 1369 su
481 1302 606 1384 anima,
625 1327 668 1371 en
684 1303 882 1371 considerat
898 1315 994 1371 tanta
1010 1305 1150 1389 quiebra
1173 1328 1216 1372 en
1237 1305 1385 1372 seruicio
1401 1308 1444 1373 de

213 1416 304 1484 Dios
318 1419 361 1484 N.
379 1419 416 1487 S.
435 1420 467 1485 Y
482 1441 529 1484 no
546 1428 652 1505 tengo
667 1441 712 1486 en
728 1430 824 1487 tanto
841 1442 884 1487 en
905 1421 1004 1487 {altar
1021 1421 1139 1507 juyzio
1158 1425 1178 1487 a
1194 1444 1262 1489 vna
1277 1421 1349 1487 sola
1366 1441 1444 1507 per-

213 1554 315 1612 sona,
333 1544 463 1617 quanto
478 1535 511 1602 el
525 1534 617 1600 dano
632 1557 699 1621 que
716 1538 861 1603 rresulta
875 1559 919 1603 en
940 1539 1083 1604 muchas
1105 1548 1213 1618 otras,
1232 1560 1254 1624 y
1270 1559 1313 1604 en
1334 1548 1442 1617 otroS,

215 1669 285 1733 que
314 1650 346 1714 ai
365 1649 513 1717 seruicio
533 1649 651 1716 diuino
673 1673 710 1721 se
730 1653 872 1738 podrian
892 1653 1030 1738 aplicar.
1060 1656 1196 1738 Porque
1222 1675 1285 1740 por
1304 1665 1445 1720 nuestra

214 1764 371 1844 miseria,
401 1787 499 1832 como
526 1768 666 1835 aliemos
693 1779 788 1834 tanta
819 1767 995 1835 dificultad
1022 1792 1066 1838 en
1083 1789 1209 1854 vencer
1239 1776 1258 1835 d
1289 1780 1446 1838 nosotros

214 1882 371 1960 mismoS‚
400 1883 514 1951 donde
540 1906 578 1950 se
604 1884 670 1950 alia
696 1886 728 1951 el
755 1903 876 1971 mayor
898 1895 1085 1970 prouecho,
1109 1905 1196 1971 poca
1219 1884 1357 1952 ocasibn
1381 1907 1446 1951 nos

215 2008 317 2064 vasta
331 2020 415 2083 para
430 2019 473 2064 cn
491 2000 572 2066 todo
587 2019 650 2065 nos
666 2000 876 2067 desbaratar.
895 1999 1025 2083 Cierto,
1043 2003 1169 2067 mucho
1185 1999 1334 2085 quisiera
1346 2000 1446 2067 ailar-

217 2133 275 2180 me
291 2122 389 2181 entre
404 2135 482 2181 esas
497 2114 703 2200 rreligiosas,
726 2114 814 2182 sien
835 2116 962 2202 alguna
984 2137 1121 2185 manera
1139 2115 1280 2202 pudiera
1300 2118 1391 2182 calar
1415 2117 1445 2184 ei

218 2228 382 2296 cimiento
398 2228 409 2269 f
426 2231 470 2295 de
490 2251 550 2298 sus
569 2228 756 2299 exercicios
777 2253 800 2316 y
822 2233 925 2298 modo
945 2233 989 2298 de
1010 2233 1190 2318 procedes,
1214 2241 1447 2318 mayormente

275 2401 287 2442 t
319 2398 423 2473 cini),
439 2417 495 2456 ms.

219 2567 303 2624 vitae
313 2586 410 2640 genus
425 2612 444 2627 ..
459 2571 504 2627 sui
518 2571 650 2643 magistri
663 2571 793 2626 imitator
805 2578 1003 2626 sectaretur.»
1017 2571 1123 2626 Narrat
1136 2570 1207 2626 alias
1222 2569 1343 2642 Joannis
1357 2571 1447 2628 virtu-

222 2666 269 2714 tes
287 2668 319 2715 et
341 2659 508 2732 ingressum
529 2660 559 2717 in
580 2659 800 2717 carthusianum
818 2659 911 2715 Vallis
930 2659 1040 2717 Christi
1059 2661 1282 2732 monasterium,
1297 2659 1446 2734 additque:

222 2744 273 2799 os.
287 2746 420 2817 ignatius
432 2748 469 2805 de
481 2748 601 2819 Loyoia‚
617 2747 724 2805 studiis
741 2746 879 2803 Lutetiae
896 2748 1074 2803 Parisiorum
1092 2747 1245 2821 absolutis,
1260 2765 1399 2803 reversus
1418 2746 1448 2801 in

222 2833 394 2911 castellam,
406 2836 444 2891 de
457 2836 551 2892 amico
560 2836 717 2907 sollicitus,
728 2836 806 2892 circa
818 2836 887 2891 anni
899 2834 968 2905 1536
982 2836 1133 2892 exordium
1147 2836 1229 2892 venit
1242 2836 1279 2891 ad
1292 2838 1367 2891 hanc
1379 2836 1449 2893 Car·
1465 2866 1467 2870 ·

223 2924 372 2980 tusiam...
387 2926 495 2981 Mansit
507 2925 536 2981 in
549 2928 606 2981 hoc
619 2926 797 2981 monasterio
814 2924 947 2995 ignatius
965 2942 1017 2997 per
1031 2934 1098 2980 octo
1116 2924 1191 2993 dies,
1206 2925 1345 2997 frequens
1359 2926 1389 2981 in
1401 2925 1449 2981 di-

223 3012 303 3069 vinis
323 3011 451 3084 Officiis,
471 3014 663 3091 gaudensque
685 3014 924 3085 tranquillissima
945 3013 1044 3086 quiete
1066 3013 1233 3069 solitudinis
1246 3014 1449 3083 Constante,

224 3101 458 3176 suavissimaque
474 3102 701 3159 conversatione
714 3105 932 3173 monachorum,
950 3103 1058 3175 quibus
1072 3120 1176 3159 arcana
1198 3104 1306 3159 mentis
1324 3102 1449 3174 aperuit3

224 3191 273 3245 cui
284 3191 387 3247 Patres
395 3195 490 3248 calcar
500 3201 531 3247 et
540 3194 654 3248 animos
663 3191 816 3263 addentes,
826 3192 998 3265 praesertim
1009 3194 1139 3263 Joannes
1147 3192 1184 3249 de
1194 3192 1308 3264 Castro,
1322 3194 1451 3263 Joannes

225 3280 341 3335 Cavero
350 3291 382 3335 et
394 3282 522 3337 Thomas
535 3282 641 3352 Lubet,
655 3281 711 3355 ipsi
723 3281 840 3351 Ignatio
850 3280 996 3354 quondam
1011 3282 1040 3336 in
1051 3274 1169 3336 saeculo
1183 3280 1268 3336 valde
1281 3280 1451 3350 familiares,

225 3369 253 3423 ei
264 3369 453 3426 nihilominus
463 3378 629 3443 suaserunt,
640 3379 674 3426 ut
683 3388 721 3426 ne
730 3370 791 3425 cito
801 3387 906 3425 navem
917 3369 1140 3439 conscenderet,
1147 3370 1452 3442 petiturusVenetias,

225 3476 295 3531 prae
309 3460 584 3532 metuhenobardi,
598 3460 737 3517 maritimi
749 3459 956 3531 grassatoris.»
977 3458 1060 3519 Obiit
1079 3462 1264 3529 uann01556,
1278 3458 1326 3515 die
1338 3460 1357 3513 6
1370 3458 1453 3530 Julii,

226 3548 333 3603 aetatis
345 3562 392 3617 72.
401 3550 514 3621 ›r-Qni
527 3566 598 3607 vero
610 3550 658 3605 hic
671 3550 768 3605 Toleti
784 3548 893 3604 dicitur
910 3556 1017 3621 natus,
1029 3557 1090 3605 tum
1104 3551 1141 3605 ab
1154 3549 1270 3620 ignatio
1283 3549 1386 3621 (epist.
1407 3546 1454 3618 37)

227 3648 290 3694 tum
309 3657 327 3694 a
348 3640 513 3707 Ροιηηοο,
532 3642 554 3713 Ι,
579 3655 625 3710 45,
639 3649 761 3696 vocatur
783 3638 912 3708 «doctor,
932 3642 1107 3711 cognomine
1121 3640 1253 3709 Cestros,
1267 3638 1453 3711 burgensis».

227 3728 275 3785 ΕΙ.
290 3730 366 3784 Acta
387 3734 571 3798 sanctorum,
587 3728 618 3785 31
635 3729 716 3800 Julii,
732 3747 785 3785 nn.
810 3730 937 3799 tou-205.
955 3731 1000 3783 Ex
1014 3730 1055 3784 ibi
1073 3729 1161 3785 dictis
1174 3738 1290 3785 constat
1307 3728 1454 3799 Ignatium

228 3828 358 3874 exeunte
372 3818 440 3887 1535
453 3819 491 3873 ad
504 3820 619 3875 Vallem
633 3818 743 3875 Christi
757 3818 850 3873 fuisse
863 3816 1059 3875 diversatum.

282 3910 294 3940 ⁹
331 3907 582 3964 Coenobiumhoc
604 3906 766 3963 ann01233
784 3925 801 3962 a
819 3908 1020 3977 Berenguerio
1044 3908 1143 3979 Paiou,
1169 3905 1373 3963 barcinonensi
1396 3907 1457 3978 epi·

229 4014 327 4069 scopo,
340 3996 508 4054 institutum
522 4006 578 4070 est,
593 3996 631 4053 de
644 4014 702 4070 quo
715 3998 835 4066 Draco,
848 3996 991 4052 Historia
1009 3998 1044 4051 de
1066 3998 1109 4051 los
1127 3998 1270 4069 anriguos
1290 3994 1404 4051 Condes
1421 3996 1457 4051 de

229 4086 412 4151 Hermiona,
426 4086 481 4141 lib.
503 4087 555 4158 111,
571 4104 636 4158 cap.
655 4086 682 4141 8:
699 4085 880 4140 «Perseuero
898 4092 962 4139 este
979 4093 1127 4141 conuento
1145 4102 1183 4141 en
1200 4087 1227 4140 la
1240 4084 1331 4139 orden
1349 4082 1386 4139 de
1405 4100 1458 4141 sau

230 4174 387 4231 Francisco
399 4176 483 4230 hasta
492 4176 519 4230 el
533 4180 601 4246 ailo,
614 4178 631 4231 a
644 4176 672 4231 lo
685 4191 796 4242 menos,
811 4174 849 4229 de
865 4174 913 4229 mil
927 4191 948 4246 y
963 4161 1139 4230 treszientos
1152 4190 1172 4245 y
1185 4180 1296 4246 veynte
1308 4190 1329 4245 y
1346 4172 1457 4229 siete...

230 4265 366 4335 Despues
376 4282 409 4319 se
422 4266 509 4336 passo
522 4274 586 4321 este
599 4265 777 4320 monasterio
789 4268 805 4319 i
819 4265 846 4319 ia
859 4263 950 4319 orden
960 4263 998 4319 de
1011 4273 1077 4319 sant
1087 4262 1203 4333 Benito;
1214 4280 1233 4335 y
1243 4263 1320 4318 delia
1331 4280 1363 4317 es
1376 4264 1460 4319 hasta

229 4355 317 4425 hoyn>
330 4353 420 4408 Porro
437 4353 513 4409 intra
534 4353 657 4425 hujusce
680 4352 850 4409 monasterii
871 4360 956 4424 septa
977 4352 1108 4423 virgines
1130 4352 1279 4424 degebant
1301 4352 1460 4407 sanctitate

228 4440 417 4515 conspicuae,
431 4443 507 4498 inter
520 4460 593 4515 quas
605 4441 747 4499 Theresia
758 4440 924 4513 Rejadeiia,
936 4441 984 4496 cui
998 4441 1153 4513 inscriptas
1166 4443 1204 4497 ab
1218 4439 1333 4512 Ignatio
1353 4441 1460 4512 episto·

230 4534 275 4587 ias
287 4530 387 4586 statim
399 4531 567 4604 producturi
581 4549 695 4599 sumus.
719 4532 828 4586 Verum
849 4548 907 4587 non
926 4547 1028 4587 omnes
1046 4532 1125 4587 iliius
1143 4530 1240 4587 sociae
1261 4548 1328 4586 curn
1349 4530 1413 4603 ipsa
1425 4528 1462 4585 de

231 4620 342 4677 virtute
355 4622 518 4676 certabant:
532 4620 607 4692 aliae
619 4637 737 4694 quoque
751 4628 864 4676 etanta
882 4618 1073 4692 perfectionis
1090 4618 1268 4677 christianae
1285 4620 1413 4675 eulmine
1426 4618 1462 4673 ad

231 4709 398 4782 sequiorem
413 4711 504 4765 vitam
516 4709 685 4764 devolutae:
704 4708 810 4764 animis
828 4708 1059 4767 dissentiebant.
1083 4710 1121 4764 Et
1138 4710 1258 4783 quidem
1276 4709 1353 4765 serio
1370 4716 1463 4765 tenta-

232 4805 295 4853 tum
309 4806 381 4853 esta
395 4797 523 4853 melioris
537 4806 624 4853 notae
637 4797 909 4855 sanctimonialibus
925 4806 957 4855 ut
975 4798 1107 4855 Societas
1122 4800 1201 4856 illius
1218 4796 1388 4855 monasterii
1401 4812 1463 4869 pro-

368 4893 473 4940 norun,
490 4893 710 4952 rerer-Ense,
724 4908 782 4941 rou.
797 4896 817 4940 1.
1313 4894 1326 4937 7
