<?xml version="1.0" encoding="UTF-8"?>
<!DOCTYPE html PUBLIC "-//W3C//DTD XHTML 1.0 Transitional//EN"
    "http://www.w3.org/TR/xhtml1/DTD/xhtml1-transitional.dtd">
<html xmlns="http://www.w3.org/1999/xhtml" xml:lang="en" lang="en">
 <head>
  <title>
</title>
<meta http-equiv="Content-Type" content="text/html;charset=utf-8" />
  <meta name='ocr-system' content='tesseract 3.04.00' />
  <meta name='ocr-capabilities' content='ocr_page ocr_carea ocr_par ocr_line ocrx_word'/>
</head>
<body>
  <div class='ocr_page' id='page_1' title='image "./monumentaignati04ignagoog_0028.png"; bbox 0 0 3625 5400; ppageno 0'>
   <div class='ocr_carea' id='block_1_1' title="bbox 841 509 2401 574">
    <p class='ocr_par' dir='ltr' id='par_1_1' title="bbox 841 509 2401 574">
     <span class='ocr_line' id='line_1_1' title="bbox 841 509 2401 574; baseline -0.004 -6"><span class='ocrx_word' id='word_1_1' title='bbox 841 528 909 568; x_wconf 75' lang='lat' dir='ltr'><strong>:o</strong></span> <span class='ocrx_word' id='word_1_2' title='bbox 1454 571 1455 574; x_wconf 51' lang='lat'><strong>,</strong></span> <span class='ocrx_word' id='word_1_3' title='bbox 1593 513 2004 568; x_wconf 71' lang='grc' dir='ltr'>ΜοΝυΜΕΝτΑ</span> <span class='ocrx_word' id='word_1_4' title='bbox 2041 509 2401 568; x_wconf 74' lang='lat' dir='ltr'>IGNATIANA</span> 
     </span>
    </p>
   </div>
   <div class='ocr_carea' id='block_1_2' title="bbox 696 658 3210 4784">
    <p class='ocr_par' dir='ltr' id='par_1_2' title="bbox 773 658 3210 1192">
     <span class='ocr_line' id='line_1_2' title="bbox 773 658 3210 749; baseline -0.003 -17"><span class='ocrx_word' id='word_1_5' title='bbox 773 688 929 732; x_wconf 76' lang='lat' dir='ltr'><strong>rnen</strong></span> <span class='ocrx_word' id='word_1_6' title='bbox 965 668 1029 728; x_wconf 76' lang='lat' dir='ltr'><strong>in</strong></span> <span class='ocrx_word' id='word_1_7' title='bbox 1061 664 1189 728; x_wconf 70' lang='lat' dir='ltr'><strong>iuis</strong></span> <span class='ocrx_word' id='word_1_8' title='bbox 1221 663 1573 748; x_wconf 73' lang='lat' dir='ltr'><strong>perspicue</strong></span> <span class='ocrx_word' id='word_1_9' title='bbox 1605 685 1742 730; x_wconf 93' lang='lat' dir='ltr'><strong>non</strong></span> <span class='ocrx_word' id='word_1_10' title='bbox 1773 662 2125 749; x_wconf 84' lang='lat' dir='ltr'><strong>legissent,</strong></span> <span class='ocrx_word' id='word_1_11' title='bbox 2163 659 2632 729; x_wconf 87' lang='lat' dir='ltr'><strong>existimarunt</strong></span> <span class='ocrx_word' id='word_1_12' title='bbox 2655 681 2770 726; x_wconf 89' lang='lat' dir='ltr'><strong>eas</strong></span> <span class='ocrx_word' id='word_1_13' title='bbox 2797 658 3040 744; x_wconf 90' lang='lat' dir='ltr'><strong>Ignatii</strong></span> <span class='ocrx_word' id='word_1_14' title='bbox 3073 680 3210 725; x_wconf 90' lang='lat' dir='ltr'><strong>non</strong></span> 
     </span>
     <span class='ocr_line' id='line_1_3' title="bbox 773 771 3210 865; baseline -0.004 -17"><span class='ocrx_word' id='word_1_15' title='bbox 773 804 949 860; x_wconf 72' lang='lat' dir='ltr'><strong>esse,</strong></span> <span class='ocrx_word' id='word_1_16' title='bbox 989 804 1109 844; x_wconf 68' lang='lat' dir='ltr'><strong>nos</strong></span> <span class='ocrx_word' id='word_1_17' title='bbox 1145 780 1417 864; x_wconf 79' lang='lat' dir='ltr'><strong>quidem</strong></span> <span class='ocrx_word' id='word_1_18' title='bbox 1451 779 1653 865; x_wconf 86' lang='lat' dir='ltr'><strong>fugit,</strong></span> <span class='ocrx_word' id='word_1_19' title='bbox 1691 771 1975 844; x_wconf 68' lang='lat' dir='ltr'><strong>aliorum</strong></span> <span class='ocrx_word' id='word_1_20' title='bbox 1997 776 2330 862; x_wconf 88' lang='lat' dir='ltr'><strong>judicium</strong></span> <span class='ocrx_word' id='word_1_21' title='bbox 2374 787 2544 840; x_wconf 90' lang='lat' dir='ltr'><strong>esto:</strong></span> <span class='ocrx_word' id='word_1_22' title='bbox 2592 774 2755 840; x_wconf 91' lang='lat' dir='ltr'><strong>illud</strong></span> <span class='ocrx_word' id='word_1_23' title='bbox 2799 784 3026 841; x_wconf 89' lang='lat' dir='ltr'><strong>tamen</strong></span> <span class='ocrx_word' id='word_1_24' title='bbox 3056 795 3210 842; x_wconf 92' lang='lat' dir='ltr'><strong>cer-</strong></span> 
     </span>
     <span class='ocr_line' id='line_1_4' title="bbox 777 888 3203 977; baseline -0.003 -17"><span class='ocrx_word' id='word_1_25' title='bbox 777 896 1105 960; x_wconf 68' lang='lat' dir='ltr'><strong>tissimum</strong></span> <span class='ocrx_word' id='word_1_26' title='bbox 1141 904 1245 960; x_wconf 71' lang='lat' dir='ltr'><strong>est</strong></span> <span class='ocrx_word' id='word_1_27' title='bbox 1285 915 1514 960; x_wconf 80' lang='lat' dir='ltr'><strong>earum</strong></span> <span class='ocrx_word' id='word_1_28' title='bbox 1557 914 1940 972; x_wconf 89' lang='lat' dir='ltr'><strong>numerum,</strong></span> <span class='ocrx_word' id='word_1_29' title='bbox 1987 890 2297 977; x_wconf 85' lang='lat' dir='ltr'><strong>quamvis</strong></span> <span class='ocrx_word' id='word_1_30' title='bbox 2336 889 2583 976; x_wconf 86' lang='lat' dir='ltr'><strong>ingens</strong></span> <span class='ocrx_word' id='word_1_31' title='bbox 2621 889 2734 957; x_wconf 91' lang='lat' dir='ltr'><strong>ille</strong></span> <span class='ocrx_word' id='word_1_32' title='bbox 2774 888 3046 974; x_wconf 90' lang='lat' dir='ltr'><strong>quidem</strong></span> <span class='ocrx_word' id='word_1_33' title='bbox 3089 888 3203 968; x_wconf 90' lang='lat' dir='ltr'><strong>sit,</strong></span> 
     </span>
     <span class='ocr_line' id='line_1_5' title="bbox 773 1005 3202 1092; baseline -0.003 -16"><span class='ocrx_word' id='word_1_34' title='bbox 773 1012 1093 1076; x_wconf 77' lang='lat' dir='ltr'><strong>minorem</strong></span> <span class='ocrx_word' id='word_1_35' title='bbox 1141 1032 1301 1092; x_wconf 70' lang='lat' dir='ltr'><strong>prae</strong></span> <span class='ocrx_word' id='word_1_36' title='bbox 1345 1007 1779 1092; x_wconf 80' lang='lat' dir='ltr'><strong>epistolarum</strong></span> <span class='ocrx_word' id='word_1_37' title='bbox 1831 1005 2286 1086; x_wconf 88' lang='lat' dir='ltr'><strong>multitudine,</strong></span> <span class='ocrx_word' id='word_1_38' title='bbox 2325 1026 2497 1090; x_wconf 85' lang='lat' dir='ltr'><strong>quae</strong></span> <span class='ocrx_word' id='word_1_39' title='bbox 2537 1006 2766 1071; x_wconf 89' lang='lat' dir='ltr'><strong>adhuc</strong></span> <span class='ocrx_word' id='word_1_40' title='bbox 2808 1013 3202 1090; x_wconf 86' lang='lat' dir='ltr'><strong>supersunt,</strong></span> 
     </span>
     <span class='ocr_line' id='line_1_6' title="bbox 773 1128 1005 1192; baseline 0 0"><span class='ocrx_word' id='word_1_41' title='bbox 773 1128 1005 1192; x_wconf 64' lang='lat' dir='ltr'><strong>videri.</strong></span> 
     </span>
    </p>

    <p class='ocr_par' dir='ltr' id='par_1_3' title="bbox 696 1224 3206 1783">
     <span class='ocr_line' id='line_1_7' title="bbox 696 1224 3206 1320; baseline -0.002 -15"><span class='ocrx_word' id='word_1_42' title='bbox 696 1224 700 1230; x_wconf 55' lang='grc'><em>’</em></span> <span class='ocrx_word' id='word_1_43' title='bbox 905 1244 1261 1304; x_wconf 73' lang='lat' dir='ltr'><strong>Praeterea</strong></span> <span class='ocrx_word' id='word_1_44' title='bbox 1281 1260 1454 1304; x_wconf 64' lang='lat' dir='ltr'><strong>nova</strong></span> <span class='ocrx_word' id='word_1_45' title='bbox 1478 1236 1723 1304; x_wconf 89' lang='lat' dir='ltr'><strong>deinde</strong></span> <span class='ocrx_word' id='word_1_46' title='bbox 1748 1237 2038 1304; x_wconf 90' lang='lat' dir='ltr'><strong>fontium</strong></span> <span class='ocrx_word' id='word_1_47' title='bbox 2065 1235 2365 1302; x_wconf 84' lang='lat' dir='ltr'>accessio</span> <span class='ocrx_word' id='word_1_48' title='bbox 2391 1238 2577 1302; x_wconf 83' lang='lat' dir='ltr'><strong>tanta</strong></span> <span class='ocrx_word' id='word_1_49' title='bbox 2598 1235 2777 1301; x_wconf 87' lang='lat' dir='ltr'><strong>facta</strong></span> <span class='ocrx_word' id='word_1_50' title='bbox 2792 1244 2920 1314; x_wconf 91' lang='lat' dir='ltr'><strong>est,</strong></span> <span class='ocrx_word' id='word_1_51' title='bbox 2949 1246 3206 1320; x_wconf 90' lang='lat' dir='ltr'><strong>quanta</strong></span> 
     </span>
     <span class='ocr_line' id='line_1_8' title="bbox 769 1350 3203 1440; baseline -0.002 -18"><span class='ocrx_word' id='word_1_52' title='bbox 769 1380 853 1424; x_wconf 67' lang='lat' dir='ltr'><strong>ex</strong></span> <span class='ocrx_word' id='word_1_53' title='bbox 885 1356 1197 1440; x_wconf 57' lang='lat' dir='ltr'><strong>catalogi]</strong></span> <span class='ocrx_word' id='word_1_54' title='bbox 1237 1356 1574 1432; x_wconf 71' lang='lat' dir='ltr'><strong>codicum,</strong></span> <span class='ocrx_word' id='word_1_55' title='bbox 1625 1352 1830 1437; x_wconf 90' lang='lat' dir='ltr'><strong>paulo</strong></span> <span class='ocrx_word' id='word_1_56' title='bbox 1885 1362 2035 1437; x_wconf 91' lang='lat' dir='ltr'><strong>post</strong></span> <span class='ocrx_word' id='word_1_57' title='bbox 2088 1351 2500 1430; x_wconf 82' lang='lat' dir='ltr'><strong>exhibendo,</strong></span> <span class='ocrx_word' id='word_1_58' title='bbox 2547 1361 2615 1417; x_wconf 88' lang='lat' dir='ltr'><strong>et</strong></span> <span class='ocrx_word' id='word_1_59' title='bbox 2664 1350 3203 1435; x_wconf 88' lang='lat' dir='ltr'><strong>uniuscujusque</strong></span> 
     </span>
     <span class='ocr_line' id='line_1_9' title="bbox 773 1464 3202 1553; baseline -0.002 -17"><span class='ocrx_word' id='word_1_60' title='bbox 773 1492 921 1536; x_wconf 75' lang='lat' dir='ltr'><strong>mon</strong></span> <span class='ocrx_word' id='word_1_61' title='bbox 933 1468 1185 1536; x_wconf 77' lang='lat' dir='ltr'><strong>umenti</strong></span> <span class='ocrx_word' id='word_1_62' title='bbox 1213 1467 1667 1553; x_wconf 65' lang='lat' dir='ltr'>descriptione</span> <span class='ocrx_word' id='word_1_63' title='bbox 1693 1466 1953 1552; x_wconf 91' lang='lat' dir='ltr'><strong>liquido</strong></span> <span class='ocrx_word' id='word_1_64' title='bbox 1986 1464 2347 1532; x_wconf 85' lang='lat' dir='ltr'><strong>constabit.</strong></span> <span class='ocrx_word' id='word_1_65' title='bbox 2378 1468 2482 1531; x_wconf 86' lang='lat' dir='ltr'><strong>Ex</strong></span> <span class='ocrx_word' id='word_1_66' title='bbox 2513 1487 2647 1552; x_wconf 92' lang='lat' dir='ltr'><strong>qua</strong></span> <span class='ocrx_word' id='word_1_67' title='bbox 2672 1465 2943 1550; x_wconf 90' lang='lat' dir='ltr'><strong>quidem</strong></span> <span class='ocrx_word' id='word_1_68' title='bbox 2969 1486 3202 1531; x_wconf 89' lang='lat' dir='ltr'><strong>acces-</strong></span> 
     </span>
     <span class='ocr_line' id='line_1_10' title="bbox 765 1580 3201 1668; baseline -0.003 -16"><span class='ocrx_word' id='word_1_69' title='bbox 765 1585 957 1652; x_wconf 72' lang='lat' dir='ltr'><strong>sione</strong></span> <span class='ocrx_word' id='word_1_70' title='bbox 993 1584 1301 1668; x_wconf 76' lang='lat' dir='ltr'><strong>contigit,</strong></span> <span class='ocrx_word' id='word_1_71' title='bbox 1341 1596 1413 1648; x_wconf 82' lang='lat' dir='ltr'><strong>ut</strong></span> <span class='ocrx_word' id='word_1_72' title='bbox 1455 1603 1611 1648; x_wconf 89' lang='lat' dir='ltr'><strong>cum</strong></span> <span class='ocrx_word' id='word_1_73' title='bbox 1644 1580 2055 1648; x_wconf 83' lang='lat' dir='ltr'><strong>matritensis</strong></span> <span class='ocrx_word' id='word_1_74' title='bbox 2096 1581 2408 1648; x_wconf 80' lang='lat' dir='ltr'><strong>collectio</strong></span> <span class='ocrx_word' id='word_1_75' title='bbox 2451 1583 2579 1663; x_wconf 85' lang='lat'><strong>842</strong></span> <span class='ocrx_word' id='word_1_76' title='bbox 2611 1582 2930 1666; x_wconf 85' lang='lat' dir='ltr'><strong>epistolas</strong></span> <span class='ocrx_word' id='word_1_77' title='bbox 2962 1602 3201 1648; x_wconf 87' lang='lat' dir='ltr'><strong>recen-</strong></span> 
     </span>
     <span class='ocr_line' id='line_1_11' title="bbox 765 1695 2986 1783; baseline -0.001 -19"><span class='ocrx_word' id='word_1_78' title='bbox 765 1712 933 1780; x_wconf 70' lang='lat' dir='ltr'><strong>seat,</strong></span> <span class='ocrx_word' id='word_1_79' title='bbox 973 1712 1205 1764; x_wconf 72' lang='lat' dir='ltr'><strong>nostra</strong></span> <span class='ocrx_word' id='word_1_80' title='bbox 1233 1718 1589 1764; x_wconf 78' lang='lat' dir='ltr'><strong>numerum</strong></span> <span class='ocrx_word' id='word_1_81' title='bbox 1623 1698 1831 1783; x_wconf 88' lang='lat' dir='ltr'><strong>longe</strong></span> <span class='ocrx_word' id='word_1_82' title='bbox 1862 1697 2073 1781; x_wconf 88' lang='lat' dir='ltr'><strong>duplo</strong></span> <span class='ocrx_word' id='word_1_83' title='bbox 2105 1697 2431 1782; x_wconf 87' lang='lat' dir='ltr'><strong>majorem</strong></span> <span class='ocrx_word' id='word_1_84' title='bbox 2465 1696 2852 1764; x_wconf 85' lang='lat' dir='ltr'><strong>exhibitura</strong></span> <span class='ocrx_word' id='word_1_85' title='bbox 2875 1695 2986 1761; x_wconf 91' lang='lat' dir='ltr'><strong>sit.</strong></span> 
     </span>
    </p>

    <p class='ocr_par' dir='ltr' id='par_1_4' title="bbox 761 1811 3198 2360">
     <span class='ocr_line' id='line_1_12' title="bbox 901 1811 3196 1897; baseline -0.001 -17"><span class='ocrx_word' id='word_1_86' title='bbox 901 1816 1013 1880; x_wconf 66' lang='lat' dir='ltr'><strong>Ad</strong></span> <span class='ocrx_word' id='word_1_87' title='bbox 1057 1820 1253 1892; x_wconf 72' lang='lat' dir='ltr'><strong>haec,</strong></span> <span class='ocrx_word' id='word_1_88' title='bbox 1297 1812 1560 1878; x_wconf 76' lang='lat' dir='ltr'><strong>etiamsi</strong></span> <span class='ocrx_word' id='word_1_89' title='bbox 1611 1811 2039 1880; x_wconf 88' lang='lat' dir='ltr'><strong>matritenses</strong></span> <span class='ocrx_word' id='word_1_90' title='bbox 2083 1811 2376 1881; x_wconf 87' lang='lat' dir='ltr'><strong>editores</strong></span> <span class='ocrx_word' id='word_1_91' title='bbox 2415 1812 2727 1891; x_wconf 89' lang='lat' dir='ltr'><strong>maxima,</strong></span> <span class='ocrx_word' id='word_1_92' title='bbox 2776 1834 2907 1895; x_wconf 90' lang='lat' dir='ltr'><strong>qua</strong></span> <span class='ocrx_word' id='word_1_93' title='bbox 2953 1821 3196 1897; x_wconf 90' lang='lat' dir='ltr'><strong>potue-</strong></span> 
     </span>
     <span class='ocr_line' id='line_1_13' title="bbox 769 1926 3198 2013; baseline -0.002 -17"><span class='ocrx_word' id='word_1_94' title='bbox 769 1944 945 2008; x_wconf 75' lang='lat' dir='ltr'><strong>runt,</strong></span> <span class='ocrx_word' id='word_1_95' title='bbox 997 1928 1345 2012; x_wconf 73' lang='lat' dir='ltr'><strong>diligentia</strong></span> <span class='ocrx_word' id='word_1_96' title='bbox 1389 1927 1766 2013; x_wconf 81' lang='lat' dir='ltr'><strong>ignatiana’s</strong></span> <span class='ocrx_word' id='word_1_97' title='bbox 1804 1928 2124 2013; x_wconf 87' lang='lat' dir='ltr'><strong>epistolas</strong></span> <span class='ocrx_word' id='word_1_98' title='bbox 2165 1926 2344 2013; x_wconf 91' lang='lat' dir='ltr'><strong>typis</strong></span> <span class='ocrx_word' id='word_1_99' title='bbox 2389 1929 2818 2007; x_wconf 87' lang='lat' dir='ltr'><strong>mandarunt,</strong></span> <span class='ocrx_word' id='word_1_100' title='bbox 2857 1948 3198 1991; x_wconf 86' lang='lat' dir='ltr'><strong>nonnum-</strong></span> 
     </span>
     <span class='ocr_line' id='line_1_14' title="bbox 765 2041 3195 2130; baseline -0 -22"><span class='ocrx_word' id='word_1_101' title='bbox 765 2068 965 2128; x_wconf 75' lang='lat' dir='ltr'><strong>quam</strong></span> <span class='ocrx_word' id='word_1_102' title='bbox 1029 2056 1249 2112; x_wconf 76' lang='lat' dir='ltr'><strong>tamen</strong></span> <span class='ocrx_word' id='word_1_103' title='bbox 1301 2044 1503 2128; x_wconf 56' lang='lat' dir='ltr'><strong>{quod</strong></span> <span class='ocrx_word' id='word_1_104' title='bbox 1550 2043 1748 2109; x_wconf 89' lang='lat' dir='ltr'><strong>vitari</strong></span> <span class='ocrx_word' id='word_1_105' title='bbox 1795 2043 2070 2110; x_wconf 88' lang='lat' dir='ltr'><strong>omnino</strong></span> <span class='ocrx_word' id='word_1_106' title='bbox 2111 2065 2250 2111; x_wconf 90' lang='lat' dir='ltr'><strong>non</strong></span> <span class='ocrx_word' id='word_1_107' title='bbox 2292 2043 2542 2130; x_wconf 91' lang='lat' dir='ltr'><strong>potuit)</strong></span> <span class='ocrx_word' id='word_1_108' title='bbox 2584 2042 2728 2109; x_wconf 88' lang='lat' dir='ltr'><strong>sive</strong></span> <span class='ocrx_word' id='word_1_109' title='bbox 2768 2041 3195 2108; x_wconf 88' lang='lat' dir='ltr'><strong>librariorum</strong></span> 
     </span>
     <span class='ocr_line' id='line_1_15' title="bbox 761 2157 3191 2245; baseline -0.001 -21"><span class='ocrx_word' id='word_1_110' title='bbox 761 2184 989 2228; x_wconf 62' lang='lat' dir='ltr'><strong>errore</strong></span> <span class='ocrx_word' id='word_1_111' title='bbox 1017 2160 1125 2228; x_wconf 56' lang='lat' dir='ltr'><strong>‘vel</strong></span> <span class='ocrx_word' id='word_1_112' title='bbox 1161 2158 1602 2244; x_wconf 66' lang='lat' dir='ltr'><strong>negligentia,</strong></span> <span class='ocrx_word' id='word_1_113' title='bbox 1639 2158 1783 2225; x_wconf 91' lang='lat' dir='ltr'><strong>sive</strong></span> <span class='ocrx_word' id='word_1_114' title='bbox 1814 2161 2360 2245; x_wconf 86' lang='lat' dir='ltr'><strong>apographorum</strong></span> <span class='ocrx_word' id='word_1_115' title='bbox 2402 2157 2842 2226; x_wconf 87' lang='lat' dir='ltr'><strong>mendacibus</strong></span> <span class='ocrx_word' id='word_1_116' title='bbox 2882 2157 3191 2225; x_wconf 90' lang='lat' dir='ltr'><strong>lectioni-</strong></span> 
     </span>
     <span class='ocr_line' id='line_1_16' title="bbox 765 2276 1397 2360; baseline -0.003 -20"><span class='ocrx_word' id='word_1_117' title='bbox 765 2276 893 2340; x_wconf 70' lang='lat' dir='ltr'><strong>bus</strong></span> <span class='ocrx_word' id='word_1_118' title='bbox 925 2276 1189 2360; x_wconf 71' lang='lat' dir='ltr'><strong>decepti</strong></span> <span class='ocrx_word' id='word_1_119' title='bbox 1217 2288 1397 2340; x_wconf 69' lang='lat' dir='ltr'><strong>sunt.</strong></span> 
     </span>
    </p>

    <p class='ocr_par' dir='ltr' id='par_1_5' title="bbox 753 2388 3190 3034">
     <span class='ocr_line' id='line_1_17' title="bbox 893 2388 3189 2476; baseline -0.001 -20"><span class='ocrx_word' id='word_1_120' title='bbox 893 2392 1089 2476; x_wconf 69' lang='lat' dir='ltr'><strong>Quae</strong></span> <span class='ocrx_word' id='word_1_121' title='bbox 1125 2412 1277 2456; x_wconf 77' lang='lat' dir='ltr'><strong>cum</strong></span> <span class='ocrx_word' id='word_1_122' title='bbox 1313 2392 1405 2456; x_wconf 78' lang='lat' dir='ltr'><strong>ita</strong></span> <span class='ocrx_word' id='word_1_123' title='bbox 1434 2389 1594 2471; x_wconf 89' lang='lat' dir='ltr'><strong>sint,</strong></span> <span class='ocrx_word' id='word_1_124' title='bbox 1630 2389 1939 2469; x_wconf 81' lang='lat' dir='ltr'><strong>detectiS,</strong></span> <span class='ocrx_word' id='word_1_125' title='bbox 1978 2402 2055 2455; x_wconf 90' lang='lat' dir='ltr'><strong>ut</strong></span> <span class='ocrx_word' id='word_1_126' title='bbox 2085 2388 2502 2470; x_wconf 87' lang='lat' dir='ltr'><strong>dicebamus,</strong></span> <span class='ocrx_word' id='word_1_127' title='bbox 2554 2390 2749 2456; x_wconf 90' lang='lat' dir='ltr'><strong>novis</strong></span> <span class='ocrx_word' id='word_1_128' title='bbox 2789 2412 3189 2457; x_wconf 88' lang='lat' dir='ltr'><strong>monumen-</strong></span> 
     </span>
     <span class='ocr_line' id='line_1_18' title="bbox 765 2504 3190 2590; baseline 0.001 -22"><span class='ocrx_word' id='word_1_129' title='bbox 765 2520 981 2572; x_wconf 71' lang='lat' dir='ltr'><strong>torum</strong></span> <span class='ocrx_word' id='word_1_130' title='bbox 1021 2504 1345 2584; x_wconf 66' lang='lat' dir='ltr'><strong>sontibuS,</strong></span> <span class='ocrx_word' id='word_1_131' title='bbox 1381 2515 1450 2572; x_wconf 79' lang='lat' dir='ltr'><strong>et</strong></span> <span class='ocrx_word' id='word_1_132' title='bbox 1482 2507 1661 2571; x_wconf 88' lang='lat' dir='ltr'><strong>facta</strong></span> <span class='ocrx_word' id='word_1_133' title='bbox 1702 2525 1822 2590; x_wconf 92' lang='lat' dir='ltr'><strong>per</strong></span> <span class='ocrx_word' id='word_1_134' title='bbox 1863 2505 2317 2590; x_wconf 89' lang='lat' dir='ltr'><strong>nosmetipsos</strong></span> <span class='ocrx_word' id='word_1_135' title='bbox 2357 2505 2775 2571; x_wconf 88' lang='lat' dir='ltr'><strong>diversarum</strong></span> <span class='ocrx_word' id='word_1_136' title='bbox 2821 2505 3190 2573; x_wconf 90' lang='lat' dir='ltr'><strong>lectionum</strong></span> 
     </span>
     <span class='ocr_line' id='line_1_19' title="bbox 757 2620 3189 2707; baseline 0 -22"><span class='ocrx_word' id='word_1_137' title='bbox 757 2620 1149 2697; x_wconf 65' lang='lat' dir='ltr'><strong>collatione,</strong></span> <span class='ocrx_word' id='word_1_138' title='bbox 1201 2644 1341 2685; x_wconf 72' lang='lat' dir='ltr'><strong>non</strong></span> <span class='ocrx_word' id='word_1_139' title='bbox 1401 2621 1606 2685; x_wconf 88' lang='lat' dir='ltr'><strong>modo</strong></span> <span class='ocrx_word' id='word_1_140' title='bbox 1648 2620 2085 2707; x_wconf 88' lang='lat' dir='ltr'><strong>epistolarum</strong></span> <span class='ocrx_word' id='word_1_141' title='bbox 2130 2622 2525 2688; x_wconf 87' lang='lat' dir='ltr'><strong>thesaurum</strong></span> <span class='ocrx_word' id='word_1_142' title='bbox 2581 2621 3022 2706; x_wconf 88' lang='lat' dir='ltr'><strong>locupletare,</strong></span> <span class='ocrx_word' id='word_1_143' title='bbox 3070 2620 3189 2687; x_wconf 91' lang='lat' dir='ltr'><strong>sed</strong></span> 
     </span>
     <span class='ocr_line' id='line_1_20' title="bbox 757 2731 3188 2823; baseline -0 -22"><span class='ocrx_word' id='word_1_144' title='bbox 757 2741 973 2821; x_wconf 68' lang='lat' dir='ltr'><strong>plura,</strong></span> <span class='ocrx_word' id='word_1_145' title='bbox 1013 2759 1181 2821; x_wconf 78' lang='lat' dir='ltr'><strong>quae</strong></span> <span class='ocrx_word' id='word_1_146' title='bbox 1217 2737 1648 2821; x_wconf 73' lang='lat' dir='ltr'><strong>irrepserant,</strong></span> <span class='ocrx_word' id='word_1_147' title='bbox 1686 2737 1934 2804; x_wconf 88' lang='lat' dir='ltr'><strong>menda</strong></span> <span class='ocrx_word' id='word_1_148' title='bbox 1975 2736 2343 2823; x_wconf 85' lang='lat' dir='ltr'><strong>corrigere,</strong></span> <span class='ocrx_word' id='word_1_149' title='bbox 2389 2731 2892 2823; x_wconf 82' lang='lat' dir='ltr'><strong>castigatiorem</strong></span> <span class='ocrx_word' id='word_1_150' title='bbox 2929 2747 3188 2804; x_wconf 85' lang='lat' dir='ltr'><strong>textum</strong></span> 
     </span>
     <span class='ocr_line' id='line_1_21' title="bbox 757 2849 3186 2938; baseline -0.001 -18"><span class='ocrx_word' id='word_1_151' title='bbox 757 2853 1097 2929; x_wconf 63' lang='lat' dir='ltr'><strong>exhibere,</strong></span> <span class='ocrx_word' id='word_1_152' title='bbox 1157 2865 1225 2917; x_wconf 74' lang='lat' dir='ltr'><strong>et</strong></span> <span class='ocrx_word' id='word_1_153' title='bbox 1281 2849 1643 2918; x_wconf 78' lang='lat' dir='ltr'><strong>editionem</strong></span> <span class='ocrx_word' id='word_1_154' title='bbox 1694 2851 2077 2918; x_wconf 89' lang='lat' dir='ltr'><strong>universam</strong></span> <span class='ocrx_word' id='word_1_155' title='bbox 2125 2850 2406 2938; x_wconf 90' lang='lat' dir='ltr'><strong>propius</strong></span> <span class='ocrx_word' id='word_1_156' title='bbox 2461 2853 2546 2918; x_wconf 90' lang='lat' dir='ltr'><strong>ad</strong></span> <span class='ocrx_word' id='word_1_157' title='bbox 2592 2853 2781 2937; x_wconf 88' lang='lat' dir='ltr'><strong>leges</strong></span> <span class='ocrx_word' id='word_1_158' title='bbox 2826 2851 3186 2918; x_wconf 88' lang='lat' dir='ltr'><strong>historicae</strong></span> 
     </span>
     <span class='ocr_line' id='line_1_22' title="bbox 753 2965 1742 3034; baseline -0.002 -1"><span class='ocrx_word' id='word_1_159' title='bbox 753 2965 1017 3033; x_wconf 68' lang='lat' dir='ltr'><strong>critices</strong></span> <span class='ocrx_word' id='word_1_160' title='bbox 1045 2969 1466 3034; x_wconf 71' lang='lat' dir='ltr'><strong>conformare</strong></span> <span class='ocrx_word' id='word_1_161' title='bbox 1489 2965 1742 3031; x_wconf 90' lang='lat' dir='ltr'><strong>licebit.</strong></span> 
     </span>
    </p>

    <p class='ocr_par' dir='ltr' id='par_1_6' title="bbox 745 3081 3186 4092">
     <span class='ocr_line' id='line_1_23' title="bbox 885 3081 3180 3169; baseline 0 -24"><span class='ocrx_word' id='word_1_162' title='bbox 885 3085 985 3149; x_wconf 67' lang='lat' dir='ltr'><strong>Ex</strong></span> <span class='ocrx_word' id='word_1_163' title='bbox 1021 3085 1221 3145; x_wconf 77' lang='lat' dir='ltr'><strong>modo</strong></span> <span class='ocrx_word' id='word_1_164' title='bbox 1253 3081 1452 3146; x_wconf 71' lang='lat' dir='ltr'><strong>dietis</strong></span> <span class='ocrx_word' id='word_1_165' title='bbox 1483 3092 1764 3165; x_wconf 89' lang='lat' dir='ltr'><strong>apparet</strong></span> <span class='ocrx_word' id='word_1_166' title='bbox 1809 3081 2118 3166; x_wconf 90' lang='lat' dir='ltr'><strong>quisnam</strong></span> <span class='ocrx_word' id='word_1_167' title='bbox 2161 3082 2248 3148; x_wconf 92' lang='lat' dir='ltr'><strong>sit</strong></span> <span class='ocrx_word' id='word_1_168' title='bbox 2291 3082 2489 3148; x_wconf 93' lang='lat' dir='ltr'><strong>nobis</strong></span> <span class='ocrx_word' id='word_1_169' title='bbox 2531 3083 2870 3169; x_wconf 89' lang='lat' dir='ltr'><strong>praefixus</strong></span> <span class='ocrx_word' id='word_1_170' title='bbox 2910 3102 3180 3167; x_wconf 85' lang='lat' dir='ltr'><strong>scopuS,</strong></span> 
     </span>
     <span class='ocr_line' id='line_1_24' title="bbox 753 3195 3186 3283; baseline 0 -22"><span class='ocrx_word' id='word_1_171' title='bbox 753 3197 925 3261; x_wconf 71' lang='lat' dir='ltr'><strong>hanc</strong></span> <span class='ocrx_word' id='word_1_172' title='bbox 961 3197 1317 3261; x_wconf 77' lang='lat' dir='ltr'><strong>editionem</strong></span> <span class='ocrx_word' id='word_1_173' title='bbox 1357 3195 1867 3262; x_wconf 64' lang='lat' dir='ltr'><strong>arlornantibus:</strong></span> <span class='ocrx_word' id='word_1_174' title='bbox 1897 3196 2207 3265; x_wconf 87' lang='lat' dir='ltr'><strong>emittere</strong></span> <span class='ocrx_word' id='word_1_175' title='bbox 2231 3196 2491 3265; x_wconf 89' lang='lat' dir='ltr'><strong>scilicet</strong></span> <span class='ocrx_word' id='word_1_176' title='bbox 2515 3196 2585 3263; x_wconf 91' lang='lat' dir='ltr'><strong>in</strong></span> <span class='ocrx_word' id='word_1_177' title='bbox 2610 3198 2831 3263; x_wconf 85' lang='lat' dir='ltr'><strong>lucem</strong></span> <span class='ocrx_word' id='word_1_178' title='bbox 2867 3196 3186 3283; x_wconf 89' lang='lat' dir='ltr'><strong>epistolas</strong></span> 
     </span>
     <span class='ocr_line' id='line_1_25' title="bbox 749 3311 3185 3398; baseline -0.001 -21"><span class='ocrx_word' id='word_1_179' title='bbox 749 3333 1009 3389; x_wconf 74' lang='lat' dir='ltr'><strong>omnes,</strong></span> <span class='ocrx_word' id='word_1_180' title='bbox 1045 3333 1218 3397; x_wconf 56' lang='lat' dir='ltr'><strong>rurae</strong></span> <span class='ocrx_word' id='word_1_181' title='bbox 1253 3333 1484 3378; x_wconf 13' lang='lat' dir='ltr'><strong>,revera</strong></span> <span class='ocrx_word' id='word_1_182' title='bbox 1518 3313 1645 3381; x_wconf 91' lang='lat' dir='ltr'><strong>Sti.</strong></span> <span class='ocrx_word' id='word_1_183' title='bbox 1684 3311 1930 3398; x_wconf 90' lang='lat' dir='ltr'><strong>Ignatii</strong></span> <span class='ocrx_word' id='word_1_184' title='bbox 1962 3312 2123 3394; x_wconf 88' lang='lat' dir='ltr'><strong>sint,</strong></span> <span class='ocrx_word' id='word_1_185' title='bbox 2161 3311 2306 3381; x_wconf 87' lang='lat' dir='ltr'><strong>sive</strong></span> <span class='ocrx_word' id='word_1_186' title='bbox 2337 3313 2558 3380; x_wconf 86' lang='lat' dir='ltr'><strong>editae</strong></span> <span class='ocrx_word' id='word_1_187' title='bbox 2591 3312 2741 3378; x_wconf 90' lang='lat' dir='ltr'><strong>illae</strong></span> <span class='ocrx_word' id='word_1_188' title='bbox 2764 3312 2907 3396; x_wconf 87' lang='lat' dir='ltr'><strong>jam</strong></span> <span class='ocrx_word' id='word_1_189' title='bbox 2935 3312 3185 3378; x_wconf 91' lang='lat' dir='ltr'><strong>fuerint</strong></span> 
     </span>
     <span class='ocr_line' id='line_1_26' title="bbox 749 3425 3180 3508; baseline 0.002 -19"><span class='ocrx_word' id='word_1_190' title='bbox 749 3425 889 3489; x_wconf 67' lang='lat' dir='ltr'><strong>sive</strong></span> <span class='ocrx_word' id='word_1_191' title='bbox 933 3449 1089 3489; x_wconf 76' lang='lat' dir='ltr'><strong>nou.</strong></span> <span class='ocrx_word' id='word_1_192' title='bbox 1141 3429 1313 3493; x_wconf 75' lang='lat' dir='ltr'><strong>Nam</strong></span> <span class='ocrx_word' id='word_1_193' title='bbox 1357 3427 1617 3494; x_wconf 77' lang='lat' dir='ltr'><strong>etiamsi</strong></span> <span class='ocrx_word' id='word_1_194' title='bbox 1660 3428 1852 3494; x_wconf 90' lang='lat' dir='ltr'><strong>initio</strong></span> <span class='ocrx_word' id='word_1_195' title='bbox 1891 3428 1963 3494; x_wconf 91' lang='lat' dir='ltr'><strong>in</strong></span> <span class='ocrx_word' id='word_1_196' title='bbox 2002 3427 2167 3493; x_wconf 91' lang='lat' dir='ltr'><strong>illud</strong></span> <span class='ocrx_word' id='word_1_197' title='bbox 2210 3426 2710 3508; x_wconf 89' lang='lat' dir='ltr'><strong>inclinaremus,</strong></span> <span class='ocrx_word' id='word_1_198' title='bbox 2756 3438 2832 3494; x_wconf 92' lang='lat' dir='ltr'><strong>ut</strong></span> <span class='ocrx_word' id='word_1_199' title='bbox 2879 3430 3180 3493; x_wconf 90' lang='lat' dir='ltr'><strong>nondum</strong></span> 
     </span>
     <span class='ocr_line' id='line_1_27' title="bbox 749 3541 3183 3629; baseline 0.002 -26"><span class='ocrx_word' id='word_1_200' title='bbox 749 3541 1065 3625; x_wconf 67' lang='lat' dir='ltr'><strong>vulgatae</strong></span> <span class='ocrx_word' id='word_1_201' title='bbox 1125 3553 1385 3609; x_wconf 75' lang='lat' dir='ltr'><strong>tantum</strong></span> <span class='ocrx_word' id='word_1_202' title='bbox 1438 3544 1825 3624; x_wconf 89' lang='lat' dir='ltr'><strong>ederentur,</strong></span> <span class='ocrx_word' id='word_1_203' title='bbox 1870 3566 1947 3611; x_wconf 89' lang='lat' dir='ltr'><strong>re</strong></span> <span class='ocrx_word' id='word_1_204' title='bbox 1989 3555 2215 3610; x_wconf 88' lang='lat' dir='ltr'><strong>tamen</strong></span> <span class='ocrx_word' id='word_1_205' title='bbox 2262 3543 2504 3611; x_wconf 87' lang='lat' dir='ltr'><strong>melius</strong></span> <span class='ocrx_word' id='word_1_206' title='bbox 2544 3565 2899 3629; x_wconf 88' lang='lat' dir='ltr'><strong>perpensa,</strong></span> <span class='ocrx_word' id='word_1_207' title='bbox 2945 3564 3183 3609; x_wconf 89' lang='lat' dir='ltr'><strong>omnes</strong></span> 
     </span>
     <span class='ocr_line' id='line_1_28' title="bbox 749 3657 3180 3746; baseline 0 -25"><span class='ocrx_word' id='word_1_208' title='bbox 749 3657 1181 3741; x_wconf 70' lang='lat' dir='ltr'><strong>proferendas</strong></span> <span class='ocrx_word' id='word_1_209' title='bbox 1229 3681 1377 3725; x_wconf 71' lang='lat' dir='ltr'><strong>esse</strong></span> <span class='ocrx_word' id='word_1_210' title='bbox 1421 3659 1800 3739; x_wconf 88' lang='lat' dir='ltr'><strong>statuimus,</strong></span> <span class='ocrx_word' id='word_1_211' title='bbox 1852 3669 1994 3726; x_wconf 90' lang='lat' dir='ltr'><strong>tum</strong></span> <span class='ocrx_word' id='word_1_212' title='bbox 2043 3661 2201 3746; x_wconf 91' lang='lat' dir='ltr'><strong>quia</strong></span> <span class='ocrx_word' id='word_1_213' title='bbox 2240 3659 2536 3745; x_wconf 86' lang='lat' dir='ltr'><strong>alioquin</strong></span> <span class='ocrx_word' id='word_1_214' title='bbox 2581 3661 2841 3724; x_wconf 90' lang='lat' dir='ltr'><strong>nullum</strong></span> <span class='ocrx_word' id='word_1_215' title='bbox 2884 3667 3180 3726; x_wconf 84' lang='lat' dir='ltr'><strong>exstaret</strong></span> 
     </span>
     <span class='ocr_line' id='line_1_29' title="bbox 749 3773 3179 3862; baseline 0 -25"><span class='ocrx_word' id='word_1_216' title='bbox 749 3773 1085 3857; x_wconf 72' lang='lat' dir='ltr'><strong>integrum</strong></span> <span class='ocrx_word' id='word_1_217' title='bbox 1141 3773 1574 3857; x_wconf 68' lang='lat' dir='ltr'><strong>epistolarum</strong></span> <span class='ocrx_word' id='word_1_218' title='bbox 1630 3774 1755 3842; x_wconf 90' lang='lat' dir='ltr'><strong>Sti.</strong></span> <span class='ocrx_word' id='word_1_219' title='bbox 1819 3775 2066 3861; x_wconf 90' lang='lat' dir='ltr'><strong>Ignatii</strong></span> <span class='ocrx_word' id='word_1_220' title='bbox 2118 3797 2390 3862; x_wconf 78' lang='lat' dir='ltr'><strong>corpuS,</strong></span> <span class='ocrx_word' id='word_1_221' title='bbox 2441 3777 2569 3841; x_wconf 89' lang='lat' dir='ltr'><strong>sub</strong></span> <span class='ocrx_word' id='word_1_222' title='bbox 2617 3797 2753 3840; x_wconf 88' lang='lat' dir='ltr'><strong>una</strong></span> <span class='ocrx_word' id='word_1_223' title='bbox 2783 3776 3179 3857; x_wconf 76' lang='lat' dir='ltr'><strong>eademque</strong></span> 
     </span>
     <span class='ocr_line' id='line_1_30' title="bbox 749 3887 3175 3976; baseline -0 -23"><span class='ocrx_word' id='word_1_224' title='bbox 749 3889 957 3953; x_wconf 71' lang='lat' dir='ltr'><strong>forma</strong></span> <span class='ocrx_word' id='word_1_225' title='bbox 993 3901 1444 3973; x_wconf 73' lang='lat' dir='ltr'><strong>compactum,</strong></span> <span class='ocrx_word' id='word_1_226' title='bbox 1481 3898 1624 3954; x_wconf 88' lang='lat' dir='ltr'><strong>turn</strong></span> <span class='ocrx_word' id='word_1_227' title='bbox 1660 3889 1861 3957; x_wconf 88' lang='lat' dir='ltr'><strong>etiam</strong></span> <span class='ocrx_word' id='word_1_228' title='bbox 1893 3890 2076 3976; x_wconf 88' lang='lat' dir='ltr'><strong>quia,</strong></span> <span class='ocrx_word' id='word_1_229' title='bbox 2112 3913 2287 3975; x_wconf 82' lang='lat' dir='ltr'><strong>quae</strong></span> <span class='ocrx_word' id='word_1_230' title='bbox 2318 3890 2541 3958; x_wconf 85' lang='lat' dir='ltr'><strong>editae</strong></span> <span class='ocrx_word' id='word_1_231' title='bbox 2563 3892 2705 3975; x_wconf 84' lang='lat' dir='ltr'><strong>jam</strong></span> <span class='ocrx_word' id='word_1_232' title='bbox 2739 3892 3006 3957; x_wconf 87' lang='lat' dir='ltr'><strong>fuerant</strong></span> <span class='ocrx_word' id='word_1_233' title='bbox 3032 3887 3175 3973; x_wconf 88' lang='lat' dir='ltr'><strong>epi-</strong></span> 
     </span>
     <span class='ocr_line' id='line_1_31' title="bbox 745 4003 3170 4092; baseline -0.001 -23"><span class='ocrx_word' id='word_1_234' title='bbox 745 4005 981 4081; x_wconf 70' lang='lat' dir='ltr'><strong>stolae,</strong></span> <span class='ocrx_word' id='word_1_235' title='bbox 1013 4005 1065 4069; x_wconf 68' lang='lat' dir='ltr'><strong>si</strong></span> <span class='ocrx_word' id='word_1_236' title='bbox 1093 4025 1245 4069; x_wconf 72' lang='lat' dir='ltr'><strong>cum</strong></span> <span class='ocrx_word' id='word_1_237' title='bbox 1277 4003 1542 4073; x_wconf 77' lang='lat' dir='ltr'><strong>ineditis</strong></span> <span class='ocrx_word' id='word_1_238' title='bbox 1566 4007 2029 4086; x_wconf 89' lang='lat' dir='ltr'><strong>conferantur,</strong></span> <span class='ocrx_word' id='word_1_239' title='bbox 2052 4006 2270 4072; x_wconf 90' lang='lat' dir='ltr'><strong>minor</strong></span> <span class='ocrx_word' id='word_1_240' title='bbox 2290 4017 2474 4073; x_wconf 89' lang='lat' dir='ltr'><strong>certe</strong></span> <span class='ocrx_word' id='word_1_241' title='bbox 2498 4028 2655 4092; x_wconf 89' lang='lat' dir='ltr'><strong>pars</strong></span> <span class='ocrx_word' id='word_1_242' title='bbox 2680 4005 3021 4073; x_wconf 85' lang='lat' dir='ltr'><strong>censenda</strong></span> <span class='ocrx_word' id='word_1_243' title='bbox 3044 4014 3170 4071; x_wconf 84' lang='lat' dir='ltr'><strong>est.</strong></span> 
     </span>
    </p>

    <p class='ocr_par' dir='ltr' id='par_1_7' title="bbox 740 4117 3177 4438">
     <span class='ocr_line' id='line_1_32' title="bbox 877 4117 3177 4206; baseline 0 -25"><span class='ocrx_word' id='word_1_244' title='bbox 877 4117 1193 4201; x_wconf 60' lang='lat' dir='ltr'><strong>Epistrilis</strong></span> <span class='ocrx_word' id='word_1_245' title='bbox 1225 4121 1683 4205; x_wconf 66' lang='lat' dir='ltr'><strong>adjungentur</strong></span> <span class='ocrx_word' id='word_1_246' title='bbox 1723 4120 1925 4188; x_wconf 89' lang='lat' dir='ltr'><strong>etiam</strong></span> <span class='ocrx_word' id='word_1_247' title='bbox 1959 4122 2445 4187; x_wconf 89' lang='lat' dir='ltr'><strong>Instructiones</strong></span> <span class='ocrx_word' id='word_1_248' title='bbox 2477 4122 2562 4190; x_wconf 91' lang='lat' dir='ltr'><strong>ab</strong></span> <span class='ocrx_word' id='word_1_249' title='bbox 2594 4118 2861 4206; x_wconf 88' lang='lat' dir='ltr'><strong>Ignatio</strong></span> <span class='ocrx_word' id='word_1_250' title='bbox 2892 4118 3177 4185; x_wconf 83' lang='lat' dir='ltr'><strong>diversis</strong></span> 
     </span>
     <span class='ocr_line' id='line_1_33' title="bbox 745 4201 3175 4321; baseline 0.002 -28"><span class='ocrx_word' id='word_1_251' title='bbox 745 4233 961 4309; x_wconf 75' lang='lat' dir='ltr'><strong>datae,</strong></span> <span class='ocrx_word' id='word_1_252' title='bbox 1001 4233 1141 4297; x_wconf 62' lang='lat' dir='ltr'><strong>sive</strong></span> <span class='ocrx_word' id='word_1_253' title='bbox 1177 4237 1261 4297; x_wconf 80' lang='lat' dir='ltr'><strong>ab</strong></span> <span class='ocrx_word' id='word_1_254' title='bbox 1297 4237 1530 4303; x_wconf 68' lang='lat' dir='ltr'><strong>eodem</strong></span> <span class='ocrx_word' id='word_1_255' title='bbox 1565 4201 1880 4303; x_wconf 60' lang='lat' dir='ltr'><strong>exaratae</strong></span> <span class='ocrx_word' id='word_1_256' title='bbox 1914 4236 2190 4319; x_wconf 85' lang='lat' dir='ltr'><strong>fuerint,</strong></span> <span class='ocrx_word' id='word_1_257' title='bbox 2241 4236 2385 4304; x_wconf 92' lang='lat' dir='ltr'><strong>sive</strong></span> <span class='ocrx_word' id='word_1_258' title='bbox 2426 4238 2512 4301; x_wconf 86' lang='lat' dir='ltr'><strong>ab</strong></span> <span class='ocrx_word' id='word_1_259' title='bbox 2554 4235 2725 4317; x_wconf 91' lang='lat' dir='ltr'><strong>aliis,</strong></span> <span class='ocrx_word' id='word_1_260' title='bbox 2774 4233 3037 4321; x_wconf 89' lang='lat' dir='ltr'><strong>Ignatio</strong></span> <span class='ocrx_word' id='word_1_261' title='bbox 3070 4232 3175 4298; x_wconf 90' lang='lat' dir='ltr'><strong>di-</strong></span> 
     </span>
     <span class='ocr_line' id='line_1_34' title="bbox 740 4349 2931 4438; baseline 0.002 -29"><span class='ocrx_word' id='word_1_262' title='bbox 740 4357 969 4413; x_wconf 72' lang='lat' dir='ltr'><strong>ctante</strong></span> <span class='ocrx_word' id='word_1_263' title='bbox 1001 4361 1117 4413; x_wconf 76' lang='lat' dir='ltr'><strong>aut</strong></span> <span class='ocrx_word' id='word_1_264' title='bbox 1141 4349 1451 4430; x_wconf 76' lang='lat' dir='ltr'><strong>jubente,</strong></span> <span class='ocrx_word' id='word_1_265' title='bbox 1489 4350 1804 4437; x_wconf 87' lang='lat' dir='ltr'><strong>scriptae,</strong></span> <span class='ocrx_word' id='word_1_266' title='bbox 1842 4353 2044 4418; x_wconf 91' lang='lat' dir='ltr'><strong>modo</strong></span> <span class='ocrx_word' id='word_1_267' title='bbox 2068 4353 2154 4419; x_wconf 91' lang='lat' dir='ltr'><strong>ab</strong></span> <span class='ocrx_word' id='word_1_268' title='bbox 2187 4352 2300 4419; x_wconf 92' lang='lat' dir='ltr'><strong>illo</strong></span> <span class='ocrx_word' id='word_1_269' title='bbox 2333 4352 2743 4438; x_wconf 87' lang='lat' dir='ltr'><strong>approbatae</strong></span> <span class='ocrx_word' id='word_1_270' title='bbox 2772 4351 2931 4416; x_wconf 88' lang='lat' dir='ltr'><strong>sint.</strong></span> 
     </span>
    </p>

    <p class='ocr_par' dir='ltr' id='par_1_8' title="bbox 740 4461 3173 4784">
     <span class='ocr_line' id='line_1_35' title="bbox 877 4461 3167 4553; baseline 0.001 -28"><span class='ocrx_word' id='word_1_271' title='bbox 877 4461 1137 4529; x_wconf 72' lang='lat' dir='ltr'><strong>Etenim</strong></span> <span class='ocrx_word' id='word_1_272' title='bbox 1173 4465 1633 4531; x_wconf 62' lang='lat' dir='ltr'><strong>existimamus</strong></span> <span class='ocrx_word' id='word_1_273' title='bbox 1663 4470 1834 4535; x_wconf 79' lang='lat' dir='ltr'><strong>haec</strong></span> <span class='ocrx_word' id='word_1_274' title='bbox 1866 4478 2326 4548; x_wconf 88' lang='lat' dir='ltr'><strong>monumenta,</strong></span> <span class='ocrx_word' id='word_1_275' title='bbox 2363 4468 2450 4534; x_wconf 91' lang='lat' dir='ltr'><strong>ab</strong></span> <span class='ocrx_word' id='word_1_276' title='bbox 2484 4467 2722 4553; x_wconf 88' lang='lat' dir='ltr'><strong>Ignatii</strong></span> <span class='ocrx_word' id='word_1_277' title='bbox 2764 4462 3167 4542; x_wconf 89' lang='lat' dir='ltr'><strong>secretariis,</strong></span> 
     </span>
     <span class='ocr_line' id='line_1_36' title="bbox 745 4577 3173 4664; baseline 0 -23"><span class='ocrx_word' id='word_1_278' title='bbox 745 4577 1101 4661; x_wconf 68' lang='lat' dir='ltr'><strong>praecipue</strong></span> <span class='ocrx_word' id='word_1_279' title='bbox 1141 4601 1297 4645; x_wconf 62' lang='lat' dir='ltr'><strong>verr]</strong></span> <span class='ocrx_word' id='word_1_280' title='bbox 1329 4602 1369 4645; x_wconf 76' lang='lat' dir='ltr'><strong>a</strong></span> <span class='ocrx_word' id='word_1_281' title='bbox 1417 4581 1733 4660; x_wconf 85' lang='lat' dir='ltr'><strong>Polanc0,</strong></span> <span class='ocrx_word' id='word_1_282' title='bbox 1772 4604 1855 4648; x_wconf 83' lang='lat' dir='ltr'><strong>ex</strong></span> <span class='ocrx_word' id='word_1_283' title='bbox 1899 4583 2370 4650; x_wconf 88' lang='lat' dir='ltr'><strong>commissione</strong></span> <span class='ocrx_word' id='word_1_284' title='bbox 2412 4584 2590 4649; x_wconf 90' lang='lat' dir='ltr'><strong>illius</strong></span> <span class='ocrx_word' id='word_1_285' title='bbox 2622 4583 2933 4648; x_wconf 88' lang='lat' dir='ltr'><strong>confecta</strong></span> <span class='ocrx_word' id='word_1_286' title='bbox 2968 4579 3173 4664; x_wconf 89' lang='lat' dir='ltr'><strong>(quod</strong></span> 
     </span>
     <span class='ocr_line' id='line_1_37' title="bbox 740 4693 3168 4784; baseline 0.002 -27"><span class='ocrx_word' id='word_1_287' title='bbox 740 4693 825 4757; x_wconf 77' lang='lat' dir='ltr'><strong>de</strong></span> <span class='ocrx_word' id='word_1_288' title='bbox 849 4693 1149 4777; x_wconf 72' lang='lat' dir='ltr'><strong>epistolis</strong></span> <span class='ocrx_word' id='word_1_289' title='bbox 1173 4693 1373 4761; x_wconf 73' lang='lat' dir='ltr'><strong>etiarn</strong></span> <span class='ocrx_word' id='word_1_290' title='bbox 1397 4693 1651 4761; x_wconf 74' lang='lat' dir='ltr'><strong>[lictum</strong></span> <span class='ocrx_word' id='word_1_291' title='bbox 1676 4695 2037 4784; x_wconf 87' lang='lat' dir='ltr'><strong>volumus),</strong></span> <span class='ocrx_word' id='word_1_292' title='bbox 2054 4700 2366 4766; x_wconf 90' lang='lat' dir='ltr'><strong>habenda</strong></span> <span class='ocrx_word' id='word_1_293' title='bbox 2388 4721 2660 4784; x_wconf 88' lang='lat' dir='ltr'><strong>quoque</strong></span> <span class='ocrx_word' id='word_1_294' title='bbox 2676 4720 2824 4765; x_wconf 88' lang='lat' dir='ltr'><strong>esse</strong></span> <span class='ocrx_word' id='word_1_295' title='bbox 2855 4706 3168 4777; x_wconf 87' lang='lat' dir='ltr'><strong>tanquam</strong></span> 
     </span>
    </p>
   </div>
   <div class='ocr_carea' id='block_1_3' title="bbox 3556 0 3583 5266">
    <p class='ocr_par' dir='ltr' id='par_1_9' title="bbox 3556 0 3583 5266">
     <span class='ocr_line' id='line_1_38' title="bbox 3556 0 3583 5266; baseline 0 0"><span class='ocrx_word' id='word_1_296' title='bbox 3556 0 3583 5266; x_wconf 95' lang='lat' dir='ltr'><strong> </strong></span> 
     </span>
    </p>
   </div>
  </div>
 </body>
</html>
