3625 5400
387 430 440 502 528
573 486 575 490 ,
764 434 971 490 Marmara
989 433 1167 488 quernae

345 605 449 670 quam
463 583 702 652 uniuersaliter
717 585 896 654 confessus
912 595 976 664 est,
994 583 1053 669 qui
1070 582 1120 652 eis
1136 582 1184 648 vti
1201 583 1287 662 vult,
1305 582 1521 662 confiteatur,
1538 591 1578 649 et

346 700 390 766 ad
410 698 624 767 sanctissima
643 711 860 768 sacramenta
880 698 1106 768 confessionis
1133 710 1167 765 et
1183 697 1408 784 xcomunionis
1429 697 1574 783 singulis

346 826 440 884 certe
456 815 632 882 mensibus
648 817 801 884 accedat.

413 933 492 997 Non
505 932 661 1015 estquod
674 930 816 998 vlterius
826 931 1036 1018 progrediar.
1048 915 1188 998 Nouum
1201 928 1292 996 enirn
1304 929 1402 996 vobis
1414 950 1484 995 non
1496 927 1576 1009 erit,

344 1045 374 1114 si
389 1045 631 1132 significauero
648 1068 711 1113 nos
726 1069 828 1132 quam
844 1045 1095 1113 addictissimos
1109 1045 1220 1126 vobiS,
1235 1055 1269 1112 et
1286 1044 1322 1111 in
1337 1047 1413 1111 Ihu.
1433 1043 1498 1112 X.⁰
1513 1045 1577 1111 do·

344 1161 437 1228 mino
453 1171 571 1227 nostro
582 1182 685 1245 quam
701 1162 847 1229 maxime
862 1162 1070 1228 coniunctos
1086 1173 1252 1248 perpetuo
1266 1163 1351 1230 tore.
1366 1164 1494 1261 Precor
1509 1159 1576 1246 igi-

344 1287 400 1344 tur
415 1299 508 1358 eum,
522 1277 582 1361 qui
598 1277 702 1343 vitam
719 1288 870 1344 nostram
887 1289 923 1346 et
940 1276 1136 1352 felicitatem
1153 1288 1264 1345 morte
1278 1297 1342 1344 sua
1357 1275 1577 1344 acerbissima

344 1391 544 1478 promeruit,
569 1403 607 1457 vt
634 1392 780 1478 gratiam
801 1395 940 1460 vberem
962 1394 1007 1458 ad
1028 1385 1315 1479 cognoscendam,
1339 1391 1518 1458 amandam
1541 1401 1577 1458 et

343 1509 579 1594 exequendam
596 1509 807 1574 voluntatem
823 1530 922 1575 suam
938 1518 1104 1594 perpetuo
1124 1506 1321 1594 paternitati
1338 1517 1473 1577 vestrae
1494 1510 1576 1572 cha·

347 1622 559 1708 rissimisque
574 1623 736 1689 fratribus
752 1645 792 1690 ac
809 1623 908 1690 nobis
925 1623 1083 1690 omnibus
1098 1622 1295 1710 elargiatur.
1618 1599 1627 1620 ⁰

417 1739 504 1808 Vale
519 1739 555 1806 in
571 1739 723 1806 Domino
740 1742 813 1806 Ihu.
833 1742 898 1807 Χ.0

417 1856 558 1935 Rornae,
578 1858 629 1940 3.⁰
645 1856 724 1922 idus
739 1843 854 1923 Iunias
874 1873 969 1940 1547.

415 1972 445 2035 A
462 1975 570 2057 tergo,
585 1973 688 2036 etiam
706 1973 851 2038 Polauci
867 1993 986 2038 manu.
1003 1975 1101 2039 Rom.
1117 1972 1226 2058 Copia
1241 1972 1276 2038 di
1288 1993 1356 2038 vna
1371 1994 1431 2059 per
1447 1972 1471 2038 il
1487 1971 1579 2058 prior

353 2086 396 2153 de
411 2086 572 2153 CarthuS.
591 2084 625 2152 di
642 2087 796 2154 Colonia.

934 2244 997 2322 lib

530 2393 795 2460 FRANCISCO
820 2393 1029 2460 BORGIAE
1051 2393 1163 2461 DUCI
1186 2393 1401 2459 GANDIAE

752 2537 841 2579 nour
854 2537 943 2580 anuo
955 2536 1055 2579 usuro
1071 2535 1139 2594 1547
1150 2523 1174 2578 ·¹.

350 2656 484 2726 Acceptis
494 2656 604 2712 litteris
619 2657 760 2730 [gnatius
774 2656 1081 2715 rescribit-Gaudet
1090 2660 1169 2731 quod
1182 2677 1197 2714 e
1210 2659 1311 2713 morbo
1325 2663 1479 2715 recreatus
1490 2660 1578 2716 sit.—

406 2742 525 2799 Certior
536 2747 678 2818 uultfieri
687 2749 723 2801 de
732 2747 792 2812 die,
800 2766 858 2818 quo
868 2749 1003 2821 Bargiae
1013 2748 1101 2803 liberi
1110 2749 1235 2819 nuptias
1243 2752 1314 2802 suut
1325 2749 1448 2813 inituri,
1458 2754 1491 2803 ut
1501 2749 1575 2815 Deo,

396 2832 482 2905 susis
491 2835 639 2905 precibus,
652 2854 671 2889 a
690 2837 843 2890 sodalibus
854 2837 1237 2892 commendentur-Liber
1256 2838 1468 2892 exercitiorum
1487 2840 1578 2911 spiri-

403 2924 536 2978 tualium
549 2925 704 2980 cardinali
716 2926 859 2997 burgensi
870 2926 959 2981 valde
966 2926 1210 2997 probatur-De
1220 2926 1336 2999 gratiis
1345 2926 1513 3000 apoutifiee
1522 2929 1579 2983 im·

401 3014 560 3081 patrandis
566 3019 623 3085 pro
633 3016 849 3088 peragentibus
858 3016 1012 3079 exercitia,
1022 3020 1078 3069 aut
1087 3034 1155 3071 cum
1164 3016 1268 3085 aliquo
1278 3032 1293 3069 e
1304 3015 1448 3071 Societate
1454 3022 1579 3089 peccata

402 3102 619 3175 corefiteutibus,
632 3123 700 3159 cum
717 3107 828 3160 decano
842 3106 922 3159 Roca
938 3122 969 3159 se
984 3110 1126 3161 actarum
1148 3104 1397 3177 significat—De
1413 3107 1579 3179 gaudieusi

402 3193 568 3247 academia.
583 3192 653 3248 -De
667 3194 812 3249 Societate
827 3192 1090 3267 Caesaraugustae
1103 3198 1130 3249 et
1143 3194 1268 3265 Hispali
1284 3194 1469 3259 collocanda,
1485 3198 1578 3265 prout

403 3282 538 3355 Bargiae
551 3283 711 3337 videbitur.
723 3283 797 3337 -De
814 3284 910 3354 ipsius
927 3284 1062 3356 Bargiae
1080 3282 1363 3355 professione-De
1385 3284 1437 3339 Fr.
1454 3284 1577 3354 Joaune

409 3369 536 3426 Texeda.

411 3477 527 3545 Recibl
541 3480 603 3545 dos
615 3479 717 3545 letras
729 3482 771 3545 de
784 3481 828 3548 V.
843 3482 929 3547 Srla.
942 3485 1068 3564 juntaS,
1084 3480 1115 3544 la
1128 3502 1195 3545 vna
1206 3480 1262 3547 del
1273 3477 1393 3545 vltimo
1404 3480 1448 3545 de
1461 3479 1572 3561 Abril,

350 3616 373 3679 y
389 3594 513 3661 laotra
528 3596 572 3661 de
587 3610 607 3675 7
623 3596 667 3661 de
683 3594 784 3680 Maia,
804 3617 871 3661 con
887 3596 919 3663 el
935 3598 1060 3661 mucho
1075 3596 1188 3681 plazer
1203 3617 1226 3681 y
1240 3616 1328 3681 gozo
1340 3570 1495 3681 spiritual
1507 3617 1575 3681 que

349 3709 485 3797 sienpre
501 3712 648 3777 solemos
663 3732 707 3776 en
730 3712 762 3778 el
778 3712 889 3779 Senor
910 3724 1061 3791 nuestro‚
1086 3734 1108 3796 y
1130 3732 1172 3777 en
1195 3721 1368 3792 eumenio,
1378 3730 1517 3797 Perque
1529 3730 1574 3777 en

349 3836 513 3894 aumento
529 3826 639 3894 siento
655 3849 721 3912 que
734 3816 778 3892 ‘su
798 3808 915 3893 diuina
935 3828 1113 3915 magestad
1135 3829 1294 3895 fauorece
1314 3834 1334 3892 d
1355 3828 1399 3894 V.
1422 3828 1511 3895 Srla.
1530 3848 1574 3893 en

349 3942 456 4008 llevar
471 3942 627 4009 adelante
638 3964 697 4008 sus
709 3954 847 4010 sanctos
858 3942 1093 4012 sentimientos
1104 3966 1127 4028 y
1138 3944 1259 4010 deseos
1272 3965 1316 4011 en
1328 3963 1369 4009 su
1381 3942 1490 4008 maior
1503 3963 1577 4010 ser-

347 4055 452 4149 uicio,
470 4058 632 4142 alabanca
647 4080 669 4142 y
686 4057 807 4143 gloria,
826 4078 891 4124 con
907 4058 939 4125 la
952 4080 1018 4125 vna
1031 4079 1132 4125 mano
1144 4058 1302 4124 llevando
1313 4080 1337 4142 y
1347 4058 1577 4143 presentando

349 4173 402 4238 los
417 4174 501 4239 tales
516 4172 651 4253 desem,
669 4195 692 4257 y
708 4195 773 4239 con
788 4173 821 4239 la
833 4184 907 4240 otra
924 4194 988 4239 con
1008 4172 1142 4240 crecida
1162 4172 1343 4259 diligencia
1364 4173 1517 4240 obrando
1533 4194 1577 4241 en

349 4287 433 4353 ellos
449 4310 471 4372 y
486 4310 552 4354 con
568 4289 651 4354 ellos
667 4310 710 4354 en
726 4310 767 4353 su
784 4288 890 4354 maior
903 4290 1012 4355 honor
1024 4312 1046 4374 y
1059 4289 1177 4375 gloria.
1198 4292 1338 4375 Plegaa
1355 4291 1387 4356 la
1402 4312 1444 4355 su
1461 4288 1579 4355 diuina

349 4424 373 4487 y
392 4424 490 4469 suma
505 4404 653 4484 bondad,
683 4406 912 4471 aumentando
933 4404 967 4470 in
996 4404 1068 4471 dies
1089 4428 1148 4472 sus
1169 4405 1401 4471 sanctissimas
1428 4404 1575 4492 gracias,

405 4565 413 4595 ¹
450 4562 494 4615 Ex
507 4520 681 4617 amremariis
695 4564 882 4635 autographis
894 4564 929 4619 S.
949 4564 1055 4635 Ignatii
1068 4564 1099 4619 in
1112 4564 1174 4619 carl.
1195 4564 1281 4619 Rom.
1294 4564 1320 4629 1,
1338 4582 1367 4619 n.
1382 4564 1446 4635 LV,
1465 4563 1575 4635 duplici

348 4648 590 4715 tolio-Cartas,
606 4669 636 4705 n.
650 4650 759 4706 CXIV.
