3625 5400
380 387 433 458 646
756 388 961 444 Mouurrnura
979 386 1160 446 Ioumrrm

345 540 426 607 tatis
445 540 650 627 praedictae,
672 540 924 608 communicare
943 548 1072 626 posset,
1095 538 1153 625 qui
1175 538 1313 625 quidem
1333 538 1408 607 eius
1426 537 1591 605 arbitrio

345 655 415 741 apti
431 666 663 737 censerentur,
681 656 724 724 ad
744 654 858 722 omnia
877 654 932 723 vel
951 661 1081 741 partem
1102 676 1220 723 eorum
1240 653 1508 742 suscipiendam,
1535 676 1586 721 ac

344 773 449 857 probe
465 772 701 852 exercendam,
720 781 771 840 est
787 770 818 837 ei
835 771 1079 839 condonatum.
1101 772 1219 856 Itaque
1239 791 1318 837 cum
1337 769 1400 836 tibi
1418 770 1463 837 sit
1480 790 1581 837 oon-

345 907 490 969 cessum,
508 887 600 972 quod
617 884 695 952 viue
710 885 804 952 vocis
826 886 976 967 oraculo,
999 906 1070 951 non
1089 885 1184 971 quod
1206 908 1267 972 per
1286 886 1393 955 breue
1412 906 1585 953 summus

344 1000 498 1086 pontifex
513 1001 665 1081 indulsit,
683 1002 726 1069 de
741 1000 933 1086 praeteritis
947 1002 1039 1067 bono
1053 1011 1127 1068 esto
1147 999 1271 1068 animo.

410 1118 463 1184 Ne
482 1126 596 1184 tamen
611 1116 647 1182 in
664 1116 816 1182 futurum
833 1125 867 1182 te
883 1117 938 1182 vel
953 1115 1146 1202 quempiam
1160 1137 1204 1183 ex
1224 1114 1386 1183 fratribus
1406 1114 1583 1183 sollicitet

345 1232 458 1318 aliqua
473 1231 654 1312 dubitatio,
673 1244 742 1312 23¹²,
762 1233 853 1317 quod
868 1231 961 1312 dico,
980 1252 1098 1298 omnes
1113 1230 1317 1318 intelligant:
1331 1233 1421 1299 hanc
1436 1230 1582 1298 scilicet

344 1369 421 1416 esse
435 1357 583 1415 mentem
601 1346 712 1414 Patris
734 1347 842 1415 nostri
856 1349 901 1415 D.
920 1346 1057 1435 Ignatii,
1075 1357 1113 1413 vt
1133 1369 1235 1416 nemo
1254 1368 1393 1434 prorsus
1412 1357 1579 1414 vestrum

228 1510 243 1539 ,
344 1463 380 1530 in
395 1462 637 1549 posterum‘his
651 1472 767 1530 vtatur
783 1462 1072 1545 concessionibus,
1090 1484 1178 1548 quae
1199 1462 1300 1529 viuae
1315 1462 1410 1529 vocis
1425 1463 1583 1530 oraculo

344 1588 425 1645 sunt
447 1577 611 1646 Societati
631 1578 834 1659 condonate,
853 1576 985 1644 etiamsi
1006 1580 1173 1645 hactenus
1192 1578 1244 1643 vsi
1265 1576 1393 1646 fuerint
1411 1577 1578 1645 nonnulli

344 1714 388 1759 ex
404 1692 513 1758 vobis.

411 1809 458 1875 Vt
474 1818 588 1874 tamen
604 1818 663 1873 tuo
678 1806 821 1874 satisfiat
836 1806 1017 1889 desiderio,
1035 1818 1070 1875 et
1086 1819 1123 1874 vt
1139 1806 1249 1894 magis
1263 1806 1494 1894 proximorum
1511 1832 1581 1875 sa-

343 1923 408 1991 luti
435 1924 479 1990 sit
502 1922 708 2003 consultum,
733 1934 790 2006 3.¹⁰
813 1921 942 2008 accipe,
968 1924 1062 2008 quod
1088 1922 1217 1992 scilicet
1239 1943 1393 1989 summus
1414 1923 1578 2009 pontifex

345 2060 406 2125 per
425 2038 531 2107 breue
558 2037 729 2123 quoddam
749 2037 919 2104 concessit
939 2037 1115 2119 Societati,
1137 2050 1175 2104 vt
1193 2035 1408 2106 coadiutores
1427 2038 1484 2106 vel
1502 2059 1571 2105 co-

344 2165 540 2243 operatores
561 2152 626 2219 sibi
646 2163 762 2239 posset
780 2153 958 2234 asciscere,
980 2174 1126 2238 quorum
1146 2175 1250 2240 opera
1276 2153 1311 2219 in
1333 2152 1575 2248 spiritualibus

287 2246 292 2263 ⁸
345 2271 401 2339 vel
420 2270 522 2337 etiam
538 2268 771 2355 corporalibus
790 2280 956 2353 vterctur,
977 2278 1012 2354 et
1031 2278 1069 2335 vt
1089 2268 1292 2354 quibusdam
1314 2290 1358 2335 ex
1380 2267 1431 2335 eis
1452 2282 1574 2355 posset

346 2385 448 2453 huius
463 2382 643 2453 Societatis
658 2383 872 2473 praepositus
887 2384 1024 2452 easdem
1048 2384 1176 2471 gratias
1195 2383 1460 2468 communicare,
1482 2406 1574 2472 quas

347 2498 520 2587 professis,
538 2501 581 2566 ad
597 2498 757 2566 maiorem
773 2498 938 2567 ecclesiae
952 2499 1214 2582 edificationem3
1231 2510 1266 2566 et
1286 2502 1353 2567 hoc
1372 2501 1490 2580 breue,
1511 2502 1572 2568 vel

347 2616 460 2704 potius
476 2615 670 2702 exemplum
686 2614 760 2681 eius
776 2614 850 2682 siue
866 2625 1131 2702 transumptum,
1149 2616 1192 2681 ad
1217 2636 1278 2682 vos
1292 2616 1363 2702 jam
1379 2615 1570 2683 mittemus.

412 2744 470 2814 4²¹¹
486 2741 550 2812 est,
565 2733 657 2817 quod
671 2730 761 2797 idem
775 2734 877 2800 Pater
887 2744 1003 2800 noster
1015 2741 1050 2799 et
1065 2731 1278 2818 praepositus
1294 2743 1339 2812 te,
1354 2735 1398 2799 D.
1413 2731 1570 2812 Nicolae,

345 2847 381 2915 in
393 2846 624 2914 coadiutorem
636 2846 708 2932 jam
723 2867 765 2914 ex
781 2869 873 2914 nunc
884 2857 1022 2934 cooptat
1037 2858 1072 2913 et
1087 2846 1247 2928 admittit,
1261 2848 1397 2916 easdem
1412 2848 1471 2914 tibi
1487 2869 1571 2934 gra-

347 2962 413 3030 tias
428 2963 651 3043 conferendo,
665 2962 801 3049 quibus,
815 2961 844 3029 si
860 2963 1106 3049 professionem
1123 2962 1322 3044 emississes,
1337 2963 1404 3030 frui
1421 2974 1571 3049 poteras3

347 3075 440 3170 noln]
462 3089 594 3146 tantum
614 3099 688 3160 eas,
711 3101 797 3164 quas
817 3078 970 3148 continet
990 3080 1108 3159 breue,
1130 3079 1191 3146 sed
1210 3090 1245 3147 et
1267 3079 1366 3146 aliam
1385 3077 1572 3165 insignem,

347 3194 427 3264 viue
442 3192 535 3262 vocis
550 3196 690 3261 oraculo
703 3216 899 3262 concessam
916 3194 997 3261 duci
1007 3193 1164 3263 Gandiae
1179 3215 1241 3280 pro
1252 3194 1424 3263 Societate
1440 3204 1571 3274 nostra,

290 3283 295 3316 ³
348 3311 448 3378 cuius
463 3308 580 3377 itidem
602 3319 868 3398 transsumptum
890 3309 946 3377 hic
966 3309 1108 3376 videbis.
1132 3311 1184 3376 Ex
1204 3309 1364 3376 omnibus
1384 3321 1498 3376 tamen
1517 3309 1571 3376 fa-

348 3425 532 3493 cultatibus
556 3445 657 3492 vnam
686 3437 804 3494 censet
831 3448 907 3494 esse
926 3425 1138 3492 limitandam
1160 3427 1202 3493 P.
1224 3425 1390 3512 IgnatiuS,
1413 3424 1573 3491 nimirum

349 3561 437 3628 quae
452 3539 647 3613 concionari
662 3541 838 3627 permittit.
857 3541 1000 3608 Videtur
1017 3543 1108 3608 enim
1125 3541 1169 3623 ei,
1187 3552 1226 3607 vt
1240 3562 1283 3608 ne
1303 3541 1338 3607 id
1353 3540 1449 3607 vllibi
1468 3542 1575 3608 obeas

350 3657 417 3742 (vbi
441 3657 576 3742 quidem
600 3655 776 3723 christiani
797 3656 924 3724 fuerint
945 3656 1082 3725 minime
1100 3657 1215 3743 rudes)
1235 3678 1371 3737 munus,
1394 3655 1573 3724 inobtenta

349 3773 510 3841 facultate
526 3773 569 3838 ab
585 3771 745 3858 episcopo
760 3773 815 3839 vel
830 3771 904 3842 eius
919 3771 1058 3853 vicario,
1072 3773 1101 3839 si
1118 3771 1201 3840 inibi
1216 3771 1330 3840 fuerit.
1349 3773 1453 3857 Quod
1467 3772 1498 3838 si
1512 3793 1573 3838 ac-

349 3889 477 3956 cideret
497 3898 535 3953 vt
549 3887 743 3954 infidelibus
758 3889 814 3956 vel
834 3887 976 3954 rudibus
995 3889 1179 3954 admodum
1199 3888 1373 3956 Christum
1393 3887 1570 3973 euangeli-

350 4025 444 4085 zare,
465 4003 522 4072 vel
541 4002 725 4070 christiana
746 4003 938 4070 rudimenta
953 4005 1097 4071 edocere
1112 4005 1230 4085 velles,
1248 4013 1331 4070 tunc
1346 4025 1417 4069 non
1433 4023 1575 4071 necesse

349 4119 413 4189 erit
425 4119 621 4188 facultatem
639 4120 683 4185 ab
699 4117 766 4184 alio
778 4118 963 4206 quoppiam
975 4129 1102 4206 petere,
1116 4121 1189 4200 sed,
1202 4122 1266 4186 hac
1281 4128 1475 4198 contentus,
1493 4141 1573 4204 pro-

351 4234 520 4303 ximorum
536 4235 638 4302 saluti
653 4236 805 4303 consule.

411 4353 488 4440 Jam
504 4343 706 4438 expectabis
715 4352 839 4438 (credo)
852 4373 895 4419 an
913 4351 1016 4439 aliqui
1031 4373 1075 4419 ex
1091 4351 1165 4418 aliis
1180 4351 1215 4417 in
1226 4351 1441 4419 coadiutores
1456 4349 1573 4417 itidem

350 4465 584 4534 admittantur.
608 4469 652 4534 Et
672 4466 821 4552 quidem,
839 4467 869 4534 si
885 4470 988 4536 Pater
1007 4467 1042 4533 in
1060 4466 1197 4534 Christo
1217 4477 1333 4534 noster
1353 4486 1471 4533 omnes
1490 4463 1578 4531 alios

351 4579 517 4663 nouisset,
540 4595 577 4649 vt
604 4581 685 4668 quid
713 4583 762 4651 eis
789 4583 1038 4679 comittendum·
1053 4591 1144 4651 esset
1164 4591 1279 4668 posset
1303 4581 1383 4648 hinc
1409 4579 1574 4659 iudicare,
