3625 5400
535 479 639 534 Earsr.
659 479 871 535 oa-urmo
891 476 1069 552 1543-Juruo'
1090 491 1159 549 1544
1371 485 1430 548 2491·

230 629 333 698 Mtte.
352 629 499 716 Ignatio,
518 653 557 698 os
568 629 1376 718 0300010033010011010001000000003003οε,
1391 653 1459 716 que

227 746 274 810 de
286 754 408 829 quatro
423 767 534 814 meses
549 757 647 814 antes
662 749 769 816 heran
785 748 929 834 pasadas
952 753 1012 814 aea
1035 746 1207 816 mediante
1226 747 1259 813 el
1279 745 1392 833 ayuda
1415 748 1458 814 de

229 870 374 926 nuestro
389 862 510 929 801101.
530 863 625 930 Aera
639 883 741 948 spero
755 884 800 930 en
820 873 893 931 esta
915 885 958 930 en
979 863 1085 931 breue
1106 861 1258 928 abisaros
1273 861 1366 928 0010
1389 882 1457 946 000

227 977 376 1063 despues
402 983 463 1043 aea
482 987 624 1066 nuestro
643 979 755 1047 Sedor
776 1000 814 1047 se
837 981 882 1045 ha
904 976 1055 1064 dignado
1078 979 1121 1046 de
1141 977 1253 1058 obrar,
1279 999 1361 1064 para
1388 996 1456 1061 que
1488 1067 1493 1078 Ι
1541 996 1543 1000 ⁴
1614 1071 1617 1080 ‘

221 1092 460 1176 junctamente
475 1113 541 1159 con
557 1102 713 1161 nosotros
729 1095 761 1161 le
777 1099 882 1180 ayays
898 1095 942 1162 de
959 1091 1177 1179 rrengratiar.
1203 1095 1277 1159 Por
1291 1092 1340 1158 las
1361 1101 1453 1158 otras

226 1209 333 1293 abeys
348 1207 422 1274 sido
439 1207 597 1276 abisados
612 1211 655 1277 de
670 1211 704 1276 la
718 1230 797 1276 casa
813 1232 880 1295 que
896 1231 932 1276 se
949 1209 996 1275 ha
1012 1211 1098 1277 echo
1118 1230 1199 1295 para
1218 1208 1272 1275 los
1293 1209 1453 1274 00111000·

227 1322 351 1406 101003,
368 1346 393 1409 y
416 1330 526 1405 06010,
548 1326 694 1393 llamado
715 1324 815 1393 Mtr0.
830 1326 990 1414 Joanldel
1007 1324 1178 1404 Mercado,
1198 1327 1289 1390 tomo
1309 1323 1341 1390 el
1368 1343 1453 1408 cuy-

221 1440 318 1505 0000
333 1440 359 1519 ’,
377 1463 401 1524 y
416 1441 448 1507 el
463 1438 588 1505 viendo
604 1452 702 1509 tener
716 1440 933 1526 nescessidad
944 1441 987 1508 de
1003 1461 1183 1526 perssonas
1200 1459 1266 1524 que
1278 1439 1310 1505 le
1326 1439 1452 1523 ayuda·

223 1575 299 1635 sen,
318 1557 363 1619 ha
378 1555 570 1641 procurado
585 1577 653 1622 000
669 1557 701 1624 01
722 1557 824 1623 Card.
843 1554 1043 1623 Crescentio
1064 1556 1075 1588 ³
1099 1577 1167 1639 que
1190 1577 1226 1620 se
1247 1553 1361 1621 fiziese
1386 1575 1452 1619 vna

223 1675 421 1755 compadia,
439 1671 473 1736 la
488 1683 502 1710 ⁸
517 1658 596 1757 0001
614 1681 743 1739 1010030
764 1681 837 1739 0310
857 1671 1027 1756 euydad0,
1053 1669 1239 1754 queriendo
1255 1669 1285 1735 01
1308 1691 1362 1735 ser
1385 1689 1453 1734 vno

222 1785 342 1851 delos
363 1785 405 1852 de
425 1787 458 1852 la
479 1796 686 1873 compadya,·
704 1787 816 1853 donde
839 1798 937 1852 antes
958 1788 1039 1852 hera
1059 1786 1092 1850 la
1112 1787 1236 1868 cabeca
1257 1785 1299 1849 de
1321 1784 1400 1850 toda
1421 1785 1453 1848 la

223 1902 320 1966 obra.
340 1902 369 1966 E
385 1906 470 1981 ansi,
489 1903 652 1969 tornando
667 1903 699 1968 el
715 1902 874 1969 cardenal
889 1903 923 1966 la
939 1899 1126 1987 protectidn
1144 1900 1234 1967 dela
1250 1900 1296 1964 tal
1312 1919 1447 1984 compa-

223 2025 307 2100 nya,
328 2019 373 2082 ha
396 2016 539 2101 querido
559 2039 626 2104 000
646 2021 747 2086 Mtre.
768 2017 902 2104 Ignatio
924 2026 1059 2084 entrase
1079 2037 1123 2082 en
1143 2017 1175 2081 la
1196 2023 1395 2101 compadya.
1420 2015 1451 2080 Y

222 2132 316 2197 echa
338 2131 372 2198 la
394 2133 649 2218 compafiyade
669 2154 832 2219 personas
855 2132 975 2199 nobles
995 2154 1018 2217 y
1038 2131 1253 2218 principales,
1279 2129 1466 2214 tenyendo..

222 2245 324 2330 01000
339 2246 595 2315 cathecuminos
611 2269 679 2332 que
694 2247 857 2334 vaptizar,
876 2269 959 2333 para
974 2269 1041 2332 000
1057 2269 1095 2314 30
1107 2246 1199 2313 01030
1211 2243 1376 2331 principio
1388 2251 1407 2309 a
1420 2245 1452 2310 la
1556 2228 1558 2236 ¹

221 2361 272 2427 tal
286 2363 370 2428 obra
386 2363 507 2429 fueron
522 2364 697 2430 emblados
713 2369 734 2428 0
748 2365 780 2428 la
796 2384 874 2428 casa
891 2362 1003 2430 dende
1018 2368 1092 2429 esta
1108 2361 1257 2428 fundada
1273 2362 1305 2427 la
1317 2380 1406 2426 casa.
1424 2361 1451 2424 E

222 2483 312 2558 ansi,
335 2477 560 2544 combidando
583 2484 604 2544 a
627 2480 771 2551 muehos
790 2477 989 2546 cardenales
1008 2501 1031 2563 y
1054 2476 1256 2564 principales
1276 2476 1320 2564 de
1342 2475 1451 2541 Roma

221 2614 307 2678 para
327 2615 394 2678 que
414 2599 488 2660 mas
509 2615 547 2660 se
567 2593 743 2662 animasen
762 2595 814 2661 los
834 2604 927 2661 otros
950 2593 1077 2675 ludios,
1100 2613 1137 2658 se
1161 2593 1228 2658 fizo
1249 2611 1317 2656 vna
1340 2591 1449 2677 grand

276 2823 291 2850 ε
309 2811 471 2879 compatris,
486 2810 503 2862 a
516 2809 543 2862 la
555 2825 611 2861 ms.

221 2994 326 3049 fuisse.
340 2997 408 3065 Quo
421 2996 526 3069 posito,
541 3013 643 3067 parum
655 2969 845 3052 attenderunt
858 2996 894 3051 ad
908 3014 955 3066 ea,
968 3014 1026 3051 non
1039 2996 1111 3051 adeo
1124 2995 1260 3064 illustria,
1273 3010 1348 3067 0000
1363 2995 1449 3064 paulo

222 3092 290 3156 post
303 3084 439 3140 dicuntur
450 3086 487 3139 de
501 3086 639 3158 Postello,
655 3086 832 3142 Societatem
846 3086 979 3156 ingresso
992 3093 1022 3139 et
1035 3086 1064 3139 10
1081 3088 1200 3139 rom'ana
1218 3082 1335 3138 virtutis
1353 3084 1448 3154 palae-

221 3181 283 3227 stra
296 3190 363 3228 sese
375 3182 542 3242 exercente,
558 3174 635 3246 quod
649 3183 719 3229 1000
732 3173 868 3229 evenisse
882 3176 916 3228 P.
930 3175 998 3229 Prat
1012 3182 1111 3245 negat,
1126 3173 1150 3228 si
1160 3171 1277 3245 quidem
1292 3188 1367 3225 anno
1381 3170 1448 3240 1543

220 3261 317 3316 adhuc
335 3261 454 3317 Parisiis
467 3262 613 3318 Postellus
626 3266 807 3319 versabatur.
823 3264 927 3335 Neque
945 3262 1033 3318 etiam
1051 3263 1179 3318 editores
1198 3260 1286 3316 iidem
1306 3276 1448 3315 curavere

221 3357 319 3405 utrum
332 3350 421 3406 aedes
434 3352 515 3407 Petri
527 3352 646 3407 Codacii
664 3362 777 3407 tantum
794 3352 879 3407 brevi
897 3361 1028 3423 tempore
1046 3368 1201 3421 assurgere
1219 3349 1395 3421 potuissent,
1415 3356 1448 3403 ut

222 3438 371 3510 perfectae
380 3439 441 3509 jam
454 3442 664 3513 absolutaeque
677 3441 855 3512 dicerentur,
865 3441 942 3513 quod
954 3440 1017 3495 fieri
1032 3442 1110 3495 nullo
1124 3440 1209 3514 10010
1222 3438 1353 3510 potuisse
1365 3445 1447 3492 recte

221 3528 327 3583 asserit
339 3528 448 3583 Tacchi
461 3529 714 3601 Venturi-Quid
726 3548 796 3600 ergo
809 3528 868 3584 est?
878 3530 992 3601 Nempe
1006 3529 1045 3595 id,
1058 3523 1135 3601 0000
1148 3526 1327 3582 dicebamus:
1342 3524 1447 3580 confla-

222 3624 285 3671 tum
298 3619 438 3672 essehoc
457 3620 606 3690 exemplar
624 3618 728 3690 partim
747 3636 783 3673 ex
802 3618 934 3690 epistolis
952 3619 1020 3672 anni
1040 3616 1119 3687 1543,
1134 3617 1238 3688 partim
1257 3632 1293 3669 ex
1315 3612 1447 3686 epistolis

223 3718 304 3774 15443
317 3714 348 3761 et
360 3707 517 3761 conflatum
535 3694 660 3763 fortasse
674 3708 833 3779 compluti,
845 3707 896 3761 ubi
915 3708 1013 3778 plures
1026 3707 1166 3777 epistolae
1184 3704 1398 3774 colligebantur
1411 3718 1448 3756 ex

219 3793 346 3849 diversis
359 3795 529 3867 provinciis,
540 3806 581 3867 et,
592 3796 767 3868 exscriptae,
779 3797 854 3850 ultro
866 3797 998 3867 citroque
1012 3813 1028 3848 a
1041 3795 1128 3849 sociis
1142 3794 1343 3847 mittebantur.
1354 3790 1447 3861 Cujus

221 3881 265 3936 rei
286 3884 410 3955 plurima
431 3887 566 3957 exempla
585 3885 774 3957 suppeditant
794 3884 925 3939 Litterae
940 3884 1197 3953 Quadrimestres‚
1217 3890 1238 3935 t.
1257 3880 1280 3948 1,
1301 3896 1382 3951 pags.
1402 3891 1447 3949 91,

223 3982 285 4040 104,
303 3983 361 4043 111,
379 3985 439 4043 119,
460 3986 586 4043 iza-140,
601 3982 658 4029 etc.
673 3975 755 4028 Haec
773 3981 881 4040 autem,
896 3990 972 4045 quae
989 3971 1075 4027 nobis
1094 3972 1122 4026 10
1141 3978 1290 4041 comperto
1304 3976 1383 4034 sunt,
1397 3965 1447 4020 de·
1509 4004 1514 4013 .

217 4062 407 4133 clarabuntur
421 4063 514 4133 magis
527 4065 557 4118 in
574 4063 687 4135 reliqua
707 4064 839 4134 epistola,
860 4060 1099 4116 annotationibus
1113 4077 1166 4114 suo
1180 4060 1243 4113 loco
1256 4056 1447 4129 subjectis.-

216 4148 389 4220 Caeterum,
409 4159 441 4205 ut
458 4169 510 4224 per
527 4169 560 4206 se
577 4159 669 4223 patet,
689 4153 744 4205 hoc
764 4153 943 4223 exemplum,
957 4150 1078 4205 31111103
1097 4156 1244 4203 auctorem
1263 4136 1445 4217 incognitum

218 4247 349 4311 spectes,
361 4239 487 4309 exiguae
500 4240 682 4295 auctoritatis
705 4248 766 4295 est:
784 4240 861 4294 facta
883 4238 1084 4310 nihilominus,
1105 4254 1180 4310 quae
1194 4244 1355 4305 narrantur,
1376 4252 1448 4289 vera

219 4336 289 4382 sunt
301 4334 332 4382 et
345 4328 462 4383 aliunde
475 4327 716 4393 nota—Carras,
735 4346 764 4383 0.
779 4328 868 4382 XLV.

272 4420 284 4448 ²
320 4417 402 4471 Haec
423 4418 511 4472 etiam
537 4418 644 4489 scripta
667 4417 748 4472 fuere
771 4416 927 4471 Francisco
953 4415 1080 4469 Xaverio
1106 4430 1138 4483 24
1166 4414 1238 4485 Julii
1265 4411 1343 4482 1543.
1370 4396 1447 4466 Vide

218 4504 306 4575 epist.
320 4505 364 4575 69,
379 4524 454 4578 quae
468 4514 584 4578 tempus
597 4507 802 4578 complectitur
815 4506 919 4560 abhoc
936 4504 982 4559 010
996 4504 1032 4558 ad
1046 4504 1080 4558 30
1100 4503 1230 4575 Jannarii
1252 4516 1330 4571 1504.
1349 4500 1450 4555 Ροο11-

217 4591 283 4648 11013
295 4593 434 4666 diploma,
448 4597 526 4668 0000
541 4595 581 4650 ibi
595 4596 739 4665 laudatur,
752 4594 831 4649 diem
845 4593 973 4666 praefert
989 4606 1021 4663 19
1035 4594 1187 4648 Februarii
1202 4592 1281 4661 1543.

272 4685 284 4715 ⁵
319 4684 475 4740 Marcellus
489 4684 689 4741 Crescentius.
