3625 5400
568 461 672 519 Ensr.
694 473 805 533 roa-1
827 461 1027 519 sanationis
1048 475 1115 532 1547
1364 463 1415 534 585

295 614 345 679 Te
361 623 488 693 autem,
506 624 544 679 vt
558 613 603 680 ad
618 613 653 680 id
675 614 789 684 oneris
812 613 848 681 in
865 626 936 682 tota
956 615 1133 702 Hispania,
1152 625 1390 702 praeterquam
1416 615 1451 682 in

228 728 439 814 Portugalia,
465 729 707 810 adsciscamus,
731 727 890 797 inuitauit
914 753 977 798 nos
1000 741 1095 798 tanta
1115 733 1233 818 fruges
1257 731 1310 797 his
1332 732 1451 817 paucis

192 913 197 920 ,
225 843 324 909 annis
341 846 435 930 Mag.
456 844 548 911 Petri
563 844 678 926 Fabri,
695 844 806 931 quiin
823 845 970 913 Domino
986 845 1142 931 quiescit,
1161 857 1195 914 et
1213 859 1271 914 tua
1288 867 1392 932 opera
1416 857 1451 912 et

226 957 393 1025 industria
407 970 618 1047 congregata
633 959 670 1026 in
685 960 843 1027 Domino.
862 960 941 1028 Atia
957 961 1046 1028 enim
1062 959 1128 1026 iam
1150 971 1264 1030 erecta
1280 973 1361 1028 sunt
1384 962 1450 1030 So-

224 1073 358 1142 cietatis
368 1074 525 1161 collegia,
539 1075 605 1143 alia
622 1076 678 1142 uel
693 1075 877 1144 inchoatab
896 1077 951 1146 uel
968 1087 1061 1144 certa
1076 1098 1137 1162 spe
1154 1089 1319 1162 concepta
1336 1098 1376 1142 ac
1388 1077 1449 1142 de-

223 1189 360 1269 stinata,
378 1190 572 1258 scholastici
588 1191 770 1260 Societatis
785 1191 821 1257 in
837 1191 940 1258 variis
956 1191 1139 1260 academiis
1155 1193 1200 1258 ad
1216 1192 1328 1258 studia
1343 1191 1449 1282 collo-

224 1305 305 1386 cati,
324 1318 374 1372 tot
390 1307 500 1376 bonae
516 1319 648 1375 mentes
663 1306 843 1388 excitatae,
858 1307 980 1394 partim
992 1317 1028 1373 vt
1041 1306 1205 1376 Societati
1218 1327 1255 1374 se
1270 1307 1397 1374 dedant
1414 1306 1449 1372 in

224 1420 436 1508 relligionem
451 1434 488 1490 et
503 1434 583 1490 vota
598 1422 811 1510 euangelica,
824 1424 948 1510 partim
962 1443 1051 1507 quae
1067 1421 1158 1490 illius
1169 1421 1313 1488 consilio
1329 1443 1369 1488 ac
1386 1422 1450 1488 mi-

223 1536 363 1603 nisterio
379 1537 675 1606 conuersationem
691 1560 789 1606 suam
805 1538 841 1604 in
862 1537 1035 1605 meliorem
1053 1538 1143 1604 vitae
1166 1536 1352 1623 spiritualis
1376 1537 1449 1604 iru-

226 1664 321 1718 ctum
338 1664 524 1720 mutarunt.

293 1769 409 1853 Itaque
425 1789 504 1834 cum
522 1779 594 1835 tam
606 1769 741 1838 celebre
757 1771 885 1836 factum
901 1769 946 1835 sit
961 1790 1085 1837 nomen
1102 1768 1296 1849 SocietatiS,
1316 1781 1366 1836 tot
1381 1768 1448 1834 iam

226 1894 343 1951 extent
358 1883 540 1952 Societatis
555 1884 843 1971 congregationes
858 1883 894 1950 in
916 1883 989 1952 istis
1013 1884 1197 1969 prouinciis
1220 1885 1264 1950 ad
1287 1884 1447 1952 maiorem

224 1990 394 2088 [gloriam]
407 2009 420 2039 ⁰
432 1999 581 2066 nominis
587 2003 672 2088 Jesu
684 2000 780 2087 Xpi.,
792 1999 1044 2067 multitudinem
1058 2011 1173 2067 autem
1186 1998 1340 2085 legitima
1351 2011 1448 2085 pote·

227 2125 314 2180 state
329 2124 364 2181 et
379 2114 510 2184 vnitate
525 2115 695 2183 contineri
710 2116 745 2182 in
765 2115 879 2183 officio
900 2137 1002 2202 opere
1018 2113 1169 2201 precium
1186 2135 1261 2183 esse
1276 2125 1311 2181 et
1327 2125 1448 2182 natura

225 2251 288 2296 nos
302 2231 436 2312 doceat,
454 2242 490 2299 et
508 2231 648 2317 spiritus
659 2235 743 2320 Jesu
764 2231 846 2317 Xpi.
864 2229 992 2300 domini
1013 2242 1048 2299 et
1068 2231 1133 2300 Dei
1149 2230 1256 2297 nostri
1278 2242 1311 2298 te
1333 2230 1448 2298 multis

225 2345 420 2412 nominibus
436 2345 667 2431 probauimus,
685 2367 786 2431 quem
807 2345 841 2412 in
857 2356 989 2433 partem
1009 2343 1112 2414 officii
1131 2357 1166 2416 et
1182 2345 1360 2432 potestatis
1383 2369 1446 2412 no—

224 2468 315 2526 strae
330 2459 414 2526 inibi
430 2461 676 2545 ordinaremus;
693 2461 761 2528 iarn
776 2461 880 2542 enim,
899 2461 978 2528 inde
998 2483 1019 2528 a
1038 2445 1145 2547 prima
1171 2473 1229 2527 tua
1253 2461 1445 2540 vocatione,

224 2574 349 2642 eximia
364 2576 444 2658 fide,
458 2577 661 2658 constantia,
680 2577 883 2657 obedientia,
902 2576 1067 2664 religione
1080 2598 1120 2642 ac
1133 2597 1259 2664 magno
1272 2576 1448 2643 charitatis

223 2691 358 2760 {eruore
374 2690 409 2758 in
424 2714 510 2779 agro
526 2693 697 2761 dominico
714 2707 747 2762 te
762 2692 956 2771 exercuisti,
974 2716 1054 2761 cum
1070 2692 1144 2760 aliis
1159 2689 1318 2761 omnibus
1334 2691 1447 2759 chari-

224 2806 303 2874 tatis
322 2808 495 2895 operibus,
514 2819 586 2875 tum
603 2832 684 2880 vero
698 2812 804 2878 sacris
824 2810 1048 2879 concionibus
1070 2809 1114 2875 ad
1129 2809 1292 2895 populum
1308 2809 1445 2889 habitis,

223 2944 291 2988 non
307 2924 417 2990 solum
434 2924 490 2990 vbi
505 2945 599 2991 nunc
614 2925 689 3012 agis
708 2925 744 2991 in
760 2925 939 3011 Hispania,
957 2946 1077 2993 verum
1093 2924 1194 2993 etiam
1211 2923 1323 2991 vbiuis
1340 2936 1447 2992 terra-

223 3060 298 3105 rum
315 3052 415 3107 antea
430 3040 668 3127 peregrinatus
683 3062 732 3123 es;
748 3040 898 3108 breuiter
914 3050 1010 3107 tanta
1025 3038 1201 3107 alacritate
1216 3037 1231 3079 ‘¹
1247 3050 1282 3107 et
1297 3039 1448 3114 dexteri-

142 3146 147 3153 ’
223 3165 305 3234 tate,
329 3166 397 3223 tam
418 3156 603 3241 prudenter
622 3154 656 3221 in
680 3154 920 3223 exaltationem
944 3154 1074 3241 gloriae
1095 3153 1241 3220 nominis
1259 3156 1342 3239 Jesu
1365 3152 1444 3238 Xpi.

222 3268 420 3352 incubuisti,
443 3281 480 3336 vt
506 3291 670 3356 magnum
690 3269 937 3356 copiosumque
958 3270 1107 3335 fructum
1128 3268 1164 3334 in
1185 3267 1363 3337 ecclesiam
1382 3268 1446 3335 Dei

223 3384 466 3471 omnipotentis
480 3386 555 3452 eius
570 3386 681 3472 gratia
702 3383 899 3453 contuleris.

288 3502 459 3587 Quocirca
474 3522 549 3582 nos,
563 3503 607 3567 de
618 3500 765 3587 Spiritus
780 3500 891 3567 sancti
906 3498 1119 3587 benignitate
1135 3509 1169 3565 et
1185 3496 1327 3565 consilio
1338 3496 1447 3563 confi-

221 3616 262 3696 si,
278 3627 312 3685 te
326 3616 363 3683 in
377 3616 607 3703 praepositum
619 3615 863 3702 prouincialem
879 3615 985 3683 totius
998 3614 1197 3701 Hispaniae,
1211 3624 1446 3700 praeterquam

223 3732 453 3819 Portugaliae,
479 3732 664 3818 apostolica
686 3724 892 3801 auctoritate
913 3731 1008 3799 iuxta
1030 3742 1163 3797 nostras
1186 3727 1448 3796 constitutiones

221 3868 376 3916 creamus
385 3860 489 3933 atque
498 3850 714 3934 deputamus
726 3859 951 3933 creatumque
961 3868 1000 3913 ac
1008 3848 1209 3931 deputatum
1221 3844 1445 3922 declaramus

220 3962 256 4029 in
272 3964 409 4032 nomine
426 3963 537 4032 Patris
552 3974 588 4031 et
603 3963 679 4030 Filii
695 3975 730 4055 et
745 3963 894 4050 Spiritus
910 3962 1033 4030 sancti.
1052 3962 1180 4041 Amen.

286 4082 399 4147 Tuum
415 4079 480 4148 erit
495 4079 531 4145 in
546 4080 684 4146 Christo
695 4082 780 4167 Jesu
796 4090 834 4145 vt
848 4100 911 4165 per
925 4075 1122 4143 huiusmodi
1138 4074 1286 4142 officium
1308 4074 1351 4140 ad
1374 4094 1447 4139 am-

221 4195 361 4281 pliorem
375 4194 438 4263 Dei
451 4197 587 4263 laudem
598 4203 633 4262 et
645 4193 802 4281 gloriam,
817 4204 920 4278 atque
931 4190 1121 4260 vberiorem
1135 4192 1283 4256 fructum
1300 4186 1447 4274 plurium

219 4310 422 4395 animarum,
438 4332 528 4395 quae
544 4309 605 4376 tibi
622 4311 879 4379 commendatae
894 4318 977 4375 sunt
992 4306 1027 4373 in
1043 4305 1204 4387 Domino,
1227 4315 1260 4373 et
1285 4305 1328 4369 ad
1351 4324 1448 4371 com-

220 4448 358 4493 munem
374 4426 490 4512 populi
505 4424 775 4494 aedificationem
788 4424 954 4492 talentum
967 4422 1109 4490 caelitus
1122 4432 1301 4507 acceptum
1319 4442 1448 4506 expen-

274 4588 287 4629 Ι)
319 4586 457 4649 ,incohata
474 4603 529 4640 ms.
568 4600 617 4629 ..e
634 4585 945 4641 Exstatlrocverbum
958 4583 992 4638 in
1004 4582 1102 4638 altero
1115 4578 1259 4653 exemplo.
1298 4580 1348 4621 -d
1368 4587 1449 4635 tanta

219 4676 355 4731 alacriter
368 4694 411 4730 ms
