3625 5400
536 504 639 559 Ertsr.
659 500 795 559 238.-10
814 504 965 574 Jnuuarm
984 502 1052 573 1548
1317 504 1372 575 677

164 679 267 745 »quos
282 655 545 724 commemoraui
560 654 661 722 istinc
677 654 712 721 in
731 656 849 721 vrbem
870 655 1005 722 evocati
1028 666 1121 733 sunt,
1145 656 1280 742 iamque
1300 680 1411 726 voca-

175 772 284 841 tionis
299 771 314 811 ⁶
330 772 511 839 salutarem
528 771 627 839 valde
644 772 801 865 fructum·
808 792 875 837 vna
889 791 1023 837 mecum
1045 771 1198 857 capiunt.

248 890 380 954 Rursus
395 908 477 958 vero
494 886 567 973 pari
582 889 626 954 de
642 907 745 953 causa
761 888 829 953 huc
849 886 916 953 iam
936 907 1029 953 nunc
1050 898 1239 955 euocantur
1260 891 1296 956 M
1301 940 1308 953 .
1335 891 1405 957 Pe·

181 1016 254 1069 trus
269 1004 313 1069 ab
330 1000 547 1069 Armenteria
562 1002 587 1081 ⁴,
606 1012 641 1069 et
656 1003 704 1069 M.
723 1002 845 1069 Daniel
861 1003 904 1069 de
920 1004 1185 1070 Deneramunda
1202 1005 1213 1038 ⁵
1231 1003 1353 1073 fratres
1369 1004 1403 1070 in

163 1117 316 1184 dommo
331 1116 554 1184 amantissimi
570 1115 794 1203 discipulique
809 1116 926 1199 vestri,
944 1117 1068 1203 quibus
1083 1127 1118 1184 et
1133 1117 1200 1185 iam
1216 1118 1274 1185 diu
1291 1118 1325 1186 in
1340 1139 1404 1186 vo-

175 1232 222 1299 tis
239 1233 303 1298 fuit
318 1230 533 1316 humilitatis,
549 1231 833 1318 obedientiaeque
849 1232 970 1319 officijs
984 1254 1101 1300 coram
1116 1233 1172 1300 hic
1194 1255 1271 1303 sese
1286 1235 1404 1303 nobis-

176 1368 257 1414 eum
274 1346 384 1433 magis
400 1347 578 1434 magisque
593 1349 756 1434 probatos
768 1348 923 1417 reddere.

244 1464 317 1530 Nec
332 1463 533 1549 ignoramus
544 1462 679 1530 interim
692 1462 923 1530 uniuersitatis
936 1474 1069 1531 vestrae
1081 1462 1311 1550 pientissimae
1323 1488 1404 1534 suc-

170 1600 311 1648 cessum
328 1590 363 1645 et
379 1578 570 1645 studiorum
585 1578 620 1644 in
637 1598 678 1645 ea
693 1578 824 1645 cultum
840 1600 880 1645 ac
895 1578 1062 1666 vigorem,
1080 1590 1118 1645 vt
1134 1601 1235 1666 quern
1256 1592 1291 1650 et
1306 1593 1403 1652 exte-

178 1717 236 1763 rae
252 1694 408 1761 nationes
422 1694 632 1780 praedicant,
649 1704 684 1781 et
701 1704 769 1760 tam
782 1694 880 1761 multi
891 1694 1035 1762 studiosi
1048 1716 1183 1762 summo
1195 1717 1274 1763 cum
1286 1694 1402 1765 fructu

176 1831 240 1877 suo
256 1810 408 1877 sentiunt
424 1820 477 1876 θ...
496 1810 679 1877 nonnullos
699 1810 800 1877 etiam
822 1832 864 1879 ex
886 1809 1012 1877 nostris
1031 1810 1080 1877 sic
1101 1812 1206 1897 probe
1227 1811 1402 1881 institutos

173 1926 253 1993 istic
269 1911 344 1995 esse
359 1926 563 2013 gaudemus,
577 1926 638 1993 sed
651 1937 685 1991 et
697 1924 733 1991 in
744 1934 919 2012 posterum
933 1927 1041 1992 multo
1054 1926 1168 2012 plures
1179 1926 1256 1994 istic
1268 1926 1401 1995 institui

161 2040 350 2128 cupimus,
372 2062 451 2108 cum
479 2063 547 2107 non
574 2040 707 2107 modico
728 2041 904 2109 doctrinae
924 2043 1038 2108 fructu
1060 2040 1094 2107 id
1117 2041 1188 2109 fore
1208 2064 1399 2128 speramuS,

173 2156 254 2223 licet
270 2157 304 2223 in
321 2157 513 2243 praesentia
530 2155 624 2223 velut
639 2176 658 2222 e
671 2154 782 2223 medio
794 2155 983 2223 studiorum
996 2178 1100 2223 cursu
1113 2156 1250 2243 quidam
1262 2160 1332 2225 huc
1345 2181 1401 2227 re-

162 2282 352 2343 uocentur.
373 2274 451 2339 Hoc
465 2271 555 2341 enim
572 2272 686 2355 agitur
701 2282 739 2337 vt
759 2272 806 2338 illi
827 2270 892 2358 ipsi
912 2271 1120 2357 aliquamdiu
1138 2272 1193 2340 hic
1214 2275 1400 2360 aegredum

173 2387 308 2474 probati
324 2398 358 2455 et
374 2398 452 2474 post
468 2386 612 2455 feliciter
627 2386 716 2453 istuc
732 2386 875 2467 reuersi,
893 2407 972 2454 cum
988 2386 1053 2454 sibi
1070 2398 1142 2454 tum
1163 2387 1237 2456 aliis
1254 2388 1398 2476 Louanij

174 2524 236 2589 pro
251 2502 340 2569 virili
354 2512 450 2589 parte
466 2501 659 2585 consulant,
677 2512 712 2568 et
727 2502 864 2587 siquod
880 2524 900 2569 a
916 2504 990 2569 Deo
1003 2502 1166 2570 talentum
1182 2502 1265 2590 ipsis
1280 2505 1344 2573 erit
1355 2505 1400 2573 ad

174 2618 242 2685 hoc
258 2616 490 2684 concreditum
506 2617 541 2683 in
557 2616 736 2684 ciuitatum
748 2615 1019 2705 germanicarum
1033 2617 1169 2704 aliquod
1179 2618 1343 2687 auxilium
1355 2641 1398 2689 ex

174 2734 327 2820 professo
342 2734 552 2820 impendant.

238 2851 362 2935 Neque·
374 2847 527 2915 dissimili
543 2848 684 2915 consilio
700 2849 885 2918 etiamnum
902 2847 1088 2914 accersitur
1108 2851 1157 2919 M.
1175 2849 1337 2918 Nicolaus
1353 2852 1397 2918 de

161 2965 296 3031 Gauda
312 2966 338 3047 ⁶,
357 2962 541 3056 Bergensis
557 2974 682 3049 pastor,
700 2985 769 3029 non
785 2964 895 3030 solum
911 2975 950 3029 vt
965 2962 1134 3031 diuturnis
1153 2963 1187 3030 in
1203 2967 1269 3032 hoc
1289 2965 1396 3052 ipsius

164 3078 348 3164 desiderijs
363 3079 506 3145 satisfiat
523 3079 670 3159 tandem,
689 3099 807 3144 verum
823 3078 927 3147 etiam
941 3090 979 3144 vt
993 3090 1029 3145 et
1044 3078 1117 3164 ipse
1133 3079 1310 3146 nobiscum
1334 3081 1392 3149 hic

170 3195 333 3280 probatus
349 3204 384 3262 et
399 3194 617 3275 exercitatus
636 3204 670 3262 et
685 3193 892 3262 Germaniae
907 3213 991 3260 suae
1006 3204 1123 3279 postea
1139 3193 1303 3275 redditus,
1323 3217 1394 3263 non
1457 3199 1460 3205 '

158 3309 282 3376 minus
298 3309 413 3375 multis
429 3307 464 3374 in
481 3306 618 3375 domino
635 3307 750 3374 vtilem
766 3328 804 3375 se
819 3308 972 3394 prebeat,
987 3318 1090 3393 atque
1102 3320 1194 3374 nunc
1208 3309 1391 3396 Bergensi-

168 3426 234 3492 bus
249 3424 340 3492 vtilis
355 3445 431 3491 esse
447 3423 581 3492 videtur
599 3427 623 3492 ².
642 3425 747 3510 Quod
761 3423 790 3490 si
806 3422 1088 3509 promissionibus
1099 3422 1176 3490 vllis
1192 3426 1235 3490 ad
1247 3445 1392 3510 pascen-

170 3567 379 3578 -ι-

218 3643 234 3684 d
272 3639 417 3710 Sequitur
433 3653 518 3706 suae3
532 3639 583 3696 sed
601 3655 620 3692 a
637 3637 766 3692 librario
784 3637 849 3710 ipso
865 3637 997 3692 deletum
1014 3640 1067 3692 est.
1105 3651 1153 3680 -ε
1172 3636 1316 3707 Sequitur
1331 3654 1390 3693 uox

164 3729 285 3784 obscure
297 3729 420 3800 scripta.

218 3918 230 3950 ⁴
267 3914 389 3970 «Petrus
403 3913 548 3970 Gillonius
562 3913 730 3985 (Legillon),
750 3923 832 3969 ortus
849 3931 886 3968 ex
905 3911 1285 3983 Armentieres,F1andriae
1303 3915 1386 3983 urbe,

165 4019 240 4075 quae
253 4003 322 4058 olim
335 4001 450 4057 comitis
469 4001 644 4072 Egmontani
661 4009 735 4071 erat,
754 4018 832 4056 nunc
852 4001 883 4056 ln
899 4000 1006 4070 gallica
1022 3998 1139 4055 dicione
1156 4007 1232 4055 est.»
1245 4001 1387 4058 Bnauus·

164 4104 298 4164 acuatu,
312 4092 402 4147 Beati
416 4091 502 4146 Petri
517 4089 668 4146 Canuti...
682 4091 829 4161 epistulae
840 4095 869 4147 et
881 4093 961 4156 actu,
975 4090 999 4158 1,
1016 4089 1079 4144 260.

216 4183 227 4214 ³
265 4179 369 4235 Daniel
383 4179 631 4252 Paeybroeckius.
645 4179 720 4235 Vide
734 4179 887 4251 epistolam
901 4177 963 4248 234.
990 4184 994 4198 '

214 4268 227 4302 ⁸
263 4268 401 4323 Nicolaus
414 4268 584 4336 Gaudanus,
598 4268 635 4323 de
648 4286 706 4341 quo
719 4269 901 4340 POLANCUS,
917 4267 1041 4332 Ceron„
1052 4268 1078 4339 1,
1091 4279 1152 4338 295.

215 4361 225 4390 ¹
263 4357 314 4411 «P.
333 4357 470 4412 Nicolaus
493 4358 653 4414 Goudanus
674 4365 776 4430 postea
798 4358 827 4412 in
850 4357 1092 4412 universitatibus
1111 4355 1334 4427 ingolstadiensi
1353 4364 1385 4411 et

162 4445 315 4500 viennensi
328 4443 475 4516 professor
488 4455 518 4500 et
531 4445 560 4500 in
574 4445 728 4518 colloquio,
742 4461 818 4501 anno
833 4458 900 4515 1557
914 4445 1081 4501 vormatiae
1093 4443 1131 4499 de
1144 4443 1287 4514 religione
1299 4445 1383 4500 habi·

163 4542 200 4598 to,
216 4551 253 4588 ex
267 4533 446 4589 «adiunctis»
459 4536 670 4590 collocutorum
682 4534 891 4590 catholicorum
904 4533 972 4590 fuit.
986 4533 1104 4588 Mariam
1118 4532 1207 4588 etiam
1221 4533 1381 4602 Stuartam,

160 4621 278 4679 Scotiae
297 4623 441 4694 reginam,
459 4623 503 4680 Pii
522 4624 573 4680 IV.
592 4625 674 4680 iussu
691 4623 812 4680 nuntius
829 4624 931 4684 invisit
947 4623 1001 4693 (de
1018 4639 1075 4695 qua
1094 4640 1125 4677 re
1145 4621 1213 4676 vide
1232 4621 1382 4677 Stimmeu

153 4729 215 4769 aus
228 4713 463 4768 Maria-Lancia»
476 4713 600 4783 XIX,
614 4711 743 4770 83·108.u
756 4715 1023 4783 Bulbusuuueun,
1037 4728 1084 4784 op.
1099 4727 1192 4784 nuper
1204 4710 1267 4783 cit„
1278 4712 1301 4779 1,
1316 4711 1382 4766 261.
