3625 5400
599 458 703 515 Emsr.
725 455 837 528 193.-1
858 459 1057 521 Smmsskss
1077 439 1146 529 1⁵47
1393 461 1445 532 5⁸7

258 609 331 694 ipsa
347 609 525 695 prouincia
536 611 778 696 deputaremus
794 609 887 678 uiros
898 609 1089 697 religiosos,
1104 609 1174 695 qui,
1189 610 1354 692 bonitate,
1367 612 1478 681 scien-

260 725 305 791 tia
320 735 355 792 et
370 723 550 811 prudentia
565 724 693 808 idonei,
713 725 805 792 uices
821 736 955 793 nostras
970 724 1182 794 omnimodas
1197 747 1277 794 cum
1293 727 1397 794 animi
1414 749 1481 794 no·

257 839 318 906 stri
334 838 449 924 quiete
465 838 549 906 inibi
563 862 724 910 exercere
739 840 883 927 possint.

325 956 414 1022 Cum
429 953 547 1040 itaque
563 977 583 1021 a
598 955 751 1042 primeua
768 967 827 1023 tua
842 955 1023 1023 uocatione
1037 928 1161 1024 eximia
1176 956 1255 1038 fide,
1274 957 1478 1040 constantia,

256 1069 461 1151 obedientia,
479 1071 645 1157 religione
660 1093 700 1138 ac
716 1094 841 1158 magno
857 1071 1034 1139 charitatis
1055 1072 1189 1141 feruore
1210 1071 1245 1138 in
1266 1094 1350 1159 agro
1371 1073 1479 1139 domi-

255 1185 334 1252 nico
350 1186 509 1253 omnibus
524 1187 699 1254 charitatis
714 1187 875 1273 operibus
895 1197 930 1254 te
952 1187 1199 1268 «exercueris»,
1219 1199 1321 1272 atque
1342 1187 1482 1255 solicitis
1523 1247 1529 1260 .

257 1301 378 1367 studiis
396 1301 450 1368 «in
466 1303 552 1370 haec
567 1302 765 1372 incumbere
779 1324 974 1388 nunquam»)
994 1303 1143 1384 desistis,¹
1155 1302 1191 1369 in
1206 1303 1356 1370 Domino
1372 1303 1480 1370 confi-

256 1416 368 1483 dimus
382 1440 424 1486 ea
438 1418 552 1486 omnia
567 1428 602 1484 et
617 1417 767 1504 singula,
785 1440 873 1504 quae
889 1417 951 1485 tibi
971 1417 1214 1488 committenda
1233 1419 1406 1500 duximuS,
1426 1442 1479 1488 re-

255 1531 376 1617 ligiose
391 1555 431 1599 ac
446 1534 490 1599 ad
505 1533 640 1600 laudem
655 1532 719 1601 Dei
736 1533 994 1618 animarumque
1010 1535 1166 1612 salutem,
1184 1543 1219 1600 et
1240 1554 1319 1599 curn
1334 1533 1480 1602 maxima

258 1647 410 1738 omnium
426 1647 660 1721 satisfactione
675 1659 899 1715 executurum
916 1650 1148 1731 et‘facturum3
1167 1661 1372 1736 quapropter
1390 1661 1422 1714 te
1443 1649 1478 1715 in

245 1773 327 1828 tota
343 1763 509 1849 Hispania
525 1763 748 1851 (Portugassia
764 1765 917 1849 excepta)
935 1763 970 1829 in
986 1763 1216 1850 praepositum
1236 1763 1478 1849 prouincialem

256 1899 548 1965 quorumcumque
558 1880 712 1946 locorum
725 1901 765 1946 ac
777 1879 1001 1966 collegiorum
1014 1890 1152 1945 nostrae
1168 1878 1351 1947 Societatis
1362 1879 1404 1945 ad
1417 1881 1477 1946 be-

255 1993 460 2078 neplacitum
488 2007 642 2061 nostrum
668 2017 836 2075 creamus,
859 1994 1003 2062 facimus
1023 2005 1125 2080 atque
1145 1995 1360 2080 deputamus,
1383 2015 1479 2062 crea-

256 2120 397 2194 tumque
412 2133 452 2176 ac
468 2111 682 2197 deputatum,
699 2131 761 2196 per
775 2126 965 2197 presentes,
980 2109 1016 2176 in
1032 2109 1169 2179 nomine
1184 2111 1295 2176 Patris
1308 2112 1342 2178 et
1357 2109 1434 2176 Filii
1446 2122 1480 2176 et

255 2225 403 2310 Spiritus
418 2227 540 2307 sancti,
558 2247 670 2307 amen,
688 2225 914 2294 declaramus.

321 2342 435 2406 Tuum
451 2340 516 2409 erit
533 2341 651 2426 igitur,
670 2340 705 2407 in
723 2340 861 2408 Christo
872 2342 956 2429 Jesu
974 2339 1204 2420 dilectissime,
1225 2350 1263 2406 ut
1278 2343 1337 2426 per
1359 2341 1483 2463 huius}

255 2453 345 2520 modi
360 2456 524 2537 officium,
547 2466 678 2542 partem
694 2450 819 2522 laboris
839 2467 874 2523 et
889 2457 1003 2524 oneris
1025 2454 1132 2522 nostri
1147 2455 1182 2524 in
1203 2455 1352 2522 Domino
1369 2456 1479 2524 susci-

254 2569 390 2655 piend0,
408 2572 451 2637 ad
467 2571 665 2657 ampliorem
685 2571 751 2640 Dei
778 2571 914 2639 laudem
936 2583 969 2639 et
989 2571 1144 2657 gloriam,
1164 2581 1267 2657 atque
1284 2572 1478 2640 uberiorem

254 2687 403 2752 fructum
420 2685 567 2772 plurium
582 2687 784 2769 animarum,
799 2710 887 2773 quae
900 2686 961 2754 tibi
973 2687 1229 2756 commendatae
1241 2698 1322 2755 sunt
1337 2687 1392 2753 «in
1406 2690 1475 2755 Do-

253 2800 381 2882 mino»,
396 2812 430 2869 et
445 2824 507 2887 pro
523 2812 676 2888 tempore
690 2814 803 2883 erunt,
818 2813 921 2888 atque
938 2804 980 2869 ad
997 2824 1211 2871 communem
1229 2804 1342 2888 populi
1358 2802 1477 2869 aedifi-

253 2915 422 2983 cationem
440 2918 605 2983 talentum
621 2918 765 2987 coelitus
776 2929 957 3004 acceptum
972 2919 1143 3003 expendas
1155 2917 1360 2999 fidelissime,
1376 2928 1478 3003 teque

252 3044 362 3101 toturn
379 3056 457 3101 cum
473 3034 590 3102 diuina
605 3035 716 3121 gratia
731 3057 793 3121 pro
808 3036 942 3103 illarum
959 3034 1081 3114 salute,
1100 3055 1161 3119 pro
1178 3055 1246 3118 qua
1267 3033 1340 3119 ipse
1363 3044 1478 3101 noster

251 3150 409 3217 Christus
419 3154 522 3238 Jesus
536 3150 739 3237 sanguinem
754 3152 875 3217 effudit
889 3162 925 3217 et
941 3161 1095 3219 mortuus
1112 3160 1176 3227 est,
1191 3169 1291 3233 quam
1309 3149 1477 3217 strenuis-

250 3265 335 3334 sime
354 3265 492 3352 poteriS,
515 3265 667 3332 hilariter
687 3288 820 3352 semper
840 3287 1012 3345 exerceas,
1031 3284 1255 3351 pro'quorum
1272 3262 1478 3329 executione

250 3380 310 3447 tibi
326 3381 555 3447 omnimodam
570 3392 786 3466 potestatem,
806 3382 1015 3461 facultatem,
1034 3378 1272 3447 auctoritatem
1290 3390 1324 3447 et
1340 3378 1478 3445 iurisdi-

250 3497 396 3565 ctionem
413 3497 448 3562 in
464 3496 556 3563 dicta
572 3477 753 3582 prouincia
762 3499 882 3563 damus
899 3510 933 3563 et
954 3495 1191 3573 concedimus,
1206 3516 1306 3578 quam
1330 3516 1393 3560 nos
1413 3494 1478 3580 ipsi

249 3614 427 3692 habemuS,
446 3626 514 3679 tam
530 3622 707 3698 presentes
722 3634 824 3697 quarn
840 3615 1017 3692 absentes;
1037 3611 1237 3677 mandantes
1254 3609 1477 3693 quibuscum-

250 3749 316 3812 que
332 3728 491 3795 omnibus
506 3738 542 3794 et
558 3727 703 3813 singulis
721 3726 842 3794 «sociis
858 3706 1126 3805 coadiutoribus,
1146 3734 1218 3793 tum
1242 3700 1277 3789 in
1293 3723 1477 3811 spirituali·
1530 3729 1532 3735 '

249 3845 326 3923 bus,
341 3855 413 3909 tum
429 3842 465 3909 in
478 3842 733 3929 temporalibuS,
747 3864 788 3909 ac
800 3842 980 3928 quibusuis
996 3840 1225 3908 scholasticis»
1241 3840 1365 3908 ibidem
1378 3862 1477 3926 prae-

248 3959 416 4039 sentibus,
430 3970 465 4026 et
482 3958 608 4025 futuris
625 3958 750 4025 nostris
766 3958 801 4024 in
817 3958 956 4025 Christo
972 3955 1212 4035 dilectissimis,
1226 3968 1265 4022 ut
1282 3968 1316 4022 te
1332 3956 1367 4023 in
1378 3978 1478 4042 prae·

248 4073 397 4159 positum
414 4074 657 4160 prouincialem
674 4085 828 4140 nostrum
844 4072 1016 4159 praefatae
1031 4071 1223 4157 prouintiae
1238 4071 1426 4157 suscipiant
1444 4082 1496 4140 et·
1553 4060 1564 4075 '

249 4199 441 4274 acceptent,
461 4188 592 4275 tibique
611 4211 651 4255 ac
673 4190 741 4254 tuis
761 4186 1032 4254 ordinationibus
1053 4197 1193 4272 pareant
1213 4198 1248 4253 et
1269 4186 1431 4253 obediant
1451 4184 1477 4252 δ.
1567 4212 1570 4219 ·

301 4404 315 4443 b
353 4401 476 4472 Scripta
487 4406 559 4455 sunt
572 4405 600 4455 et
609 4406 713 4473 posteo
725 4400 893 4457 cancellata
912 4400 1083 4471 sequentia:
1095 4400 1246 4469 Rogantes
1266 4398 1356 4455 totius
1374 4397 1479 4472 Hispa·

250 4488 316 4543 niae
329 4489 501 4561 principem,
517 4507 551 4544 ac
564 4476 740 4545 atioslduces
758 4497 789 4545 et
807 4488 942 4557 comites,
963 4506 1014 4560 per
1034 4486 1148 4545 uiscera
1165 4487 1277 4543 domini
1296 4486 1388 4543 nostri
1408 4488 1481 4558 Jesu

246 4576 357 4633 Christi
370 4586 400 4631 et
414 4595 468 4650 pro
478 4580 576 4665 salute
590 4580 750 4634 animarum
769 4578 872 4650 ipsius,
893 4577 1031 4651 quotiens
1048 4594 1122 4650 opus
1134 4576 1233 4645 fuerit,
1249 4577 1303 4633 tibi
1316 4576 1435 4633 faueant
1449 4585 1480 4632 et

248 4666 442 4723 auxilientur.
