3625 5400
395 469 450 540 264
772 471 980 526 Maronianae
998 471 1174 528 lanarum

421 625 499 702 Ego,
509 624 545 684 L.
557 627 721 700 episcopus
734 626 886 699 pisauren.
898 622 920 696 ³,
934 626 965 684 in
980 623 1121 684 omnibus
1136 625 1381 700 suprascriptam
1394 625 1582 684 decisionem

359 731 392 779 et
405 723 659 782 consultationem
672 723 811 798 approbo
825 731 856 781 et
869 722 972 793 laudo,
985 730 1016 781 et
1026 723 1209 781 seruandam
1221 740 1289 780 esse
1301 741 1422 782 censeo.

420 820 460 878 Et
486 805 561 898 ego,
591 819 758 898 Gregorius
786 819 918 892 Bachar,
946 829 1068 878 transeo
1090 821 1126 878 ‘in
1152 821 1332 880 sententiam
1356 821 1501 896 praedicti
1526 821 1582 878 do-

363 919 436 976 mini
450 920 518 978 mei.

419 1017 460 1075 Et
472 1016 678 1094 agaunum
688 1017 832 1088 ¹casatus,
846 1026 971 1077 transeo
985 1026 1132 1094 utsupra.

418 1115 498 1191 Ego,
510 1116 553 1189 Je.
564 1115 721 1175 {Beitrandi
735 1116 775 1174 de
789 1117 883 1191 Roys‚
893 1117 993 1175 sentio
1007 1125 1041 1174 vt
1055 1133 1154 1192 supra.

419 1213 459 1270 Et
471 1230 541 1290 ego,
556 1213 654 1272 Olaus
668 1213 800 1290 Magnus
813 1214 942 1287 Gothus,
963 1217 1154 1291 praepositus
1168 1217 1316 1290 upsalen,
1331 1217 1361 1273 in
1376 1215 1518 1274 omnibus
1532 1231 1582 1273 su·

361 1313 529 1387 predictam
552 1313 741 1374 decisionem
762 1313 944 1372 christianae
969 1315 1099 1374 ecclesie
1125 1315 1313 1374 conformem
1333 1313 1472 1390 approbo
1491 1313 1583 1372 etita

362 1412 580 1484 exequendam
593 1413 704 1472 iudico
1396 1467 1400 1476 .

420 1506 507 1564 ldem
529 1525 644 1565 censeo
664 1525 733 1565 esse
751 1507 991 1580 obseruandum,
1014 1509 1099 1583 quod
1119 1509 1299 1584 supradictis
1321 1509 1393 1566 viris
1416 1508 1516 1566 nisum
1530 1514 1585 1576 επ

361 1622 431 1682 ego,
444 1605 492 1679 Jo.
507 1605 641 1679 Baptista
655 1605 868 1665 Guidobonus.

422 1703 508 1762 Idem
522 1704 643 1762 videtur
656 1705 757 1775 michi,
773 1704 810 1762 A.
826 1704 980 1776 Lomell.⁰,
996 1707 1205 1780 protonotario
1216 1705 1400 1781 vicegerenti
1412 1721 1516 1762 merae
1529 1719 1583 1778 pe-

364 1803 551 1860 nitentiariae
565 1803 761 1876 apostolicae,
773 1804 798 1877 J.
813 1804 850 1862 U.
862 1803 946 1861 Dott.

422 1900 508 1958 Idem
533 1901 604 1958 mihi
627 1901 754 1974 videtur,
781 1901 945 1960 Francisco
970 1902 1158 1960 Bracciolino
1172 1903 1196 1973 b,
1211 1902 1240 1958 d.
1256 1919 1304 1975 p...
1320 1903 1377 1960 trio
1397 1900 1474 1981 [sic],
1497 1901 1522 1976 J.
1545 1902 1582 1960 U.

363 1998 492 2069 doctori,
507 2015 611 2056 sacrae
626 2000 873 2072 poenitentianae
886 1999 1054 2074 apostolice
1070 2001 1225 2058 corecton'.

415 2234 518 2290 Diluti
535 2236 676 2310 ignotius
692 2242 891 2311 argumenta,
910 2255 986 2310 quae
1004 2242 1111 2294 contro
1131 2240 1282 2296 dumetum
1301 2238 1469 2294 iunocentii
1485 2239 1536 2293 III

848 2323 1062 2398 offerebantur
1082 2327 1100 2380 ¹.

926 2423 1017 2546 nis.

427 2594 508 2659 Non
524 2604 576 2660 est
592 2603 710 2659 contra
726 2593 928 2660 charitatem
948 2594 1094 2676 infirmo,
1121 2591 1249 2662 nolenti
1269 2595 1436 2679 confiteri,
1455 2617 1582 2684 negare

361 2708 596 2789 medicamina,
614 2708 694 2778 licet
710 2722 853 2787 mortem
868 2710 1031 2793 incurrat.
1078 2756 1093 2793 -,

411 2827 458 2890 1.⁰
505 2826 616 2913 Leges
631 2837 665 2893 et
681 2848 849 2896 canonum
865 2828 1059 2897 sanctiones
1075 2827 1189 2913 potius
1203 2838 1239 2897 et
1259 2826 1479 2915 principalius
1498 2848 1583 2895 con-

362 2940 569 3025 templantur
595 2940 723 3007 bonum
751 2962 897 3010 comune
924 2953 958 3011 et
980 2942 1208 3026 huniuersale,
1231 2966 1334 3030 quarn
1353 2943 1526 3030 priuatum
1548 2953 1582 3010 et

361 3054 577 3140 particulare.
597 3057 665 3125 Sed
681 3078 808 3142 negare
824 3057 1047 3125 medicamina
1063 3058 1164 3125 alicui
1180 3059 1326 3139 infirmo,
1345 3058 1474 3127 nolenti
1498 3079 1582 3125 con·

362 3171 464 3250 fiteri,
479 3182 532 3238 est
544 3171 626 3256 quid
641 3171 854 3257 particulare.
870 3175 962 3260 Ergo
978 3182 1115 3260 propter
1131 3176 1257 3240 bonum
1275 3194 1434 3254 comune,
1450 3195 1518 3241 non
1530 3184 1582 3243 est

362 3298 482 3351 contra
502 3307 573 3352 ecc.
597 3285 688 3371 Quia
708 3308 770 3373 pro
791 3309 869 3369 vno,
893 3288 951 3373 qui
972 3290 1120 3357 noluerit
1143 3288 1309 3369 confiteri,
1327 3290 1583 3357 confitebuntur

362 3401 461 3485 quasi
475 3400 510 3466 in
527 3401 709 3477 infinitum.
1085 3394 1088 3402 ’

409 3516 460 3582 2.⁰
505 3516 542 3585 Si
564 3519 629 3585 hoc
649 3530 740 3586 esset
759 3530 879 3586 contra
902 3519 1117 3599 charitatem,
1141 3530 1340 3604 sequeretur
1360 3522 1451 3605 quod
1473 3518 1583 3586 omnis

359 3632 494 3716 justitia
509 3634 713 3701 oboleretur.
727 3635 795 3703 Sed
812 3637 878 3701 hoc
893 3644 946 3703 est
961 3635 1144 3703 maximum
1160 3636 1412 3703 inconueniens.
1432 3638 1535 3721 Ergo.

432 3750 611 3817 Probatur.
631 3750 735 3816 Nulla
750 3749 875 3819 delicta
889 3751 1006 3819 liceret
1028 3751 1178 3838 pugniri,
1198 3766 1234 3817 vt
1249 3750 1469 3820 discurrendo
1490 3750 1580 3819 licet.

367 3866 471 3951 Ergo.
1059 3862 1064 3871 '

432 3980 612 4047 Probatur.
632 3980 760 4065 Primo,
774 3982 882 4067 judex
897 4002 966 4047 non
987 3992 1100 4067 posset
1115 3981 1282 4070 supplicio
1303 3984 1435 4051 tradere
1455 3982 1584 4051 hereti·

364 4116 443 4161 cum
459 4095 614 4169 confiteri
630 4098 816 4177 nolentem,
835 4099 870 4165 et
885 4096 920 4165 in
937 4118 997 4163 sua
1015 4097 1154 4183 perfidia
1174 4108 1379 4179 manentem,
1397 4120 1489 4181 cum,
1514 4120 1583 4165 non

364 4210 525 4275 confesus
544 4223 622 4296 post
643 4184 906 4297 intimacionem,
924 4211 1002 4297 jure
1022 4192 1129 4299 possit
1144 4222 1178 4279 et
1199 4214 1301 4280 debet
1320 4212 1479 4296 interimi3
1506 4233 1582 4280 cum

421 4382 434 4420 b
454 4380 477 4432 F
478 4381 626 4437 ‘ranciscus
640 4382 837 4438 Bracciolinus
848 4399 902 4436 ms.

421 4516 432 4545 ³
469 4514 635 4571 Ludovicus
649 4516 816 4573 Simonetti.

309 4671 321 4699 ⁹
412 4604 708 4748 ''sznadversariis
730 4615 843 4677 autogr.
868 4606 899 4662 S.
927 4602 1049 4678 Ignatii,
1078 4609 1107 4663 in
1138 4608 1200 4663 eorl.
1226 4608 1311 4663 Rom.
1340 4608 1368 4672 I,
1394 4607 1480 4663 unico
1505 4604 1585 4674 folio,

366 4712 397 4751 n.
541 4738 547 4751 .
