3625 5400
593 471 697 527 Errsr.
717 469 1052 540 21.-2481·:r³rsunn1s
1074 467 1143 542 1539
1395 484 1441 540 151

253 619 285 685 ei
299 629 402 688 serior
424 621 468 691 de
488 623 618 689 Ozaeta
637 624 688 689 les
710 621 822 691 dareis
843 633 950 708 parte,
970 643 1099 709 porque
1120 643 1163 690 en
1184 624 1218 689 la
1238 632 1332 690 carta
1348 644 1415 707 que
1430 625 1481 692 les

252 733 387 801 escriuo
401 757 459 804 me
473 736 631 805 remitot
652 737 684 806 la
699 748 838 806 vuestra
854 740 880 807 ³.
903 737 941 807 Si
961 737 1116 807 vieredes
1137 748 1230 805 otros
1252 740 1398 825 algunos
1413 760 1481 824 que

252 856 399 933 querrin
413 850 615 934 contribuit,
632 874 696 939 por
711 854 822 922 Senor
837 855 957 935 haren,
975 875 1042 938 que
1059 855 1159 920 sabra
1171 852 1249 922 bien
1268 853 1443 920 satisfazer
1457 876 1481 939 y

253 986 371 1051 pagar.
389 968 423 1034 A
438 968 472 1034 la
487 977 611 1034 sonora
631 969 674 1038 de
694 989 774 1036 casa
794 969 807 1002 ⁴
823 991 878 1036 me
893 967 1085 1036 mandareis
1106 970 1231 1036 mucho
1248 968 1364 1036 visitat
1381 992 1403 1055 y
1419 990 1480 1036 en-

252 1081 447 1162 comendar,
465 1107 488 1168 y
503 1096 578 1150 esta
592 1105 656 1170 por
672 1106 758 1170 suya
774 1083 902 1152 reciua.

316 1197 371 1265 De
386 1198 524 1265 bondad
538 1200 658 1286 pobre,

1109 1333 1111 1340 ·
1165 1317 1297 1384 Yrttoo.

254 1519 258 1527 Ι
316 1427 513 1515 Inscriptio.
526 1433 640 1519 Jest'rs.
661 1432 695 1498 A
715 1430 762 1496 mi
776 1453 819 1498 en
841 1432 933 1516 xpo.
956 1433 1000 1497 N.
1019 1432 1057 1500 S.
1075 1434 1250 1512 hermano,
1271 1432 1411 1499 Beltrin
1433 1431 1477 1500 de

251 1544 392 1628 Loyola,
410 1565 454 1611 en
470 1547 664 1632 Hazpeitia.

440 1815 443 1820 -
561 1773 890 1842 MAGDALENAE
916 1777 979 1843 DE
1002 1773 1166 1840 ARAOZ

621 1890 709 1935 noue
728 1893 764 1948 24
781 1891 977 1937 snrrmnrs
998 1877 1067 1950 1539
1086 1879 1106 1934 ¹.

248 1961 294 2017 De
306 1968 404 2019 morte
418 1966 468 2020 sui
480 1966 589 2021 mariti
600 1983 669 2022 eam
685 1967 828 2041 ignatius
844 1967 1246 2024 consolatum-,Societatem
1252 1964 1329 2037 Jesu
1346 1964 1412 2019 vult
1429 1963 1478 2018 illi

737 2058 990 2112 commendatam.

823 2148 899 2236 Jhs.

313 2260 366 2326 La
381 2259 498 2346 gracia
512 2283 536 2346 y
551 2283 645 2327 amor
660 2262 704 2328 de
727 2259 865 2329 Christo
885 2263 930 2329 N.
957 2263 996 2331 S.
1021 2282 1079 2330 sea
1102 2259 1248 2346 siempre
1269 2281 1313 2328 en
1337 2270 1478 2328 nuestro

247 2376 345 2440 favor
359 2397 383 2460 y
399 2397 442 2444 en
458 2386 599 2444 nuestra
614 2378 739 2463 ayuda.
1485 2435 1486 2440 κ

312 2490 440 2559 Sabida
454 2492 488 2557 la
502 2493 667 2559 voluntad
681 2493 893 2580 beneplteita
908 2492 953 2563 de
969 2493 1053 2560 Dios
1069 2494 1114 2562 N.
1133 2494 1170 2561 S.
1189 2513 1265 2561 seer
1289 2491 1473 2577 eomplida‚

244 2606 406 2674 llebando
428 2609 544 2676 destos
570 2619 747 2695 presentes
774 2611 923 2695 trabajos
940 2615 959 2676 t
979 2609 1011 2676 la
1034 2613 1224 2695 compotita,
1248 2628 1314 2693 que
1336 2629 1379 2675 en
1403 2613 1477 2674 esta

245 2723 327 2789 vida
342 2744 383 2789 os
403 2723 460 2791 dio
479 2746 563 2811 para
583 2725 690 2813 algim
707 2724 833 2813 tiempo
847 2727 873 2807 ¹,
891 2727 996 2813 luego
1012 2726 1089 2794 hize
1105 2726 1138 2792 lo
1155 2730 1310 2810 quernis
1328 2722 1476 2810 ,pudiera

240 2841 349 2921 ,hazer
369 2860 431 2925 por
451 2838 619 2926 ningun0‚
643 2862 681 2908 es
702 2846 723 2907 ά
745 2843 858 2922 saber,
881 2840 960 2908 dixe
980 2841 1066 2907 misa
1086 2861 1148 2929 por
1168 2862 1210 2907 su
1230 2838 1343 2906 anima
1363 2860 1407 2905 en
1429 2860 1476 2903 vn

299 3002 311 3032 ³
349 2999 548 3057 Memorantur
568 3002 617 3057 hic
632 3001 750 3058 domina
767 3003 859 3057 Maria
875 3001 913 3057 de
936 3000 1062 3069 Vienna,
1082 3008 1213 3057 matrona
1232 3000 1368 3073 primaria
1387 3009 1475 3073 atque

244 3086 403 3143 admodum
421 3089 480 3161 pia,
502 3089 586 3163 cujus
603 3091 703 3146 nobile
719 3108 814 3162 genus
832 3089 1030 3146 meminerunt
1046 3090 1350 3157 Hanno-Vnumne,
1369 3090 1475 3146 Avari·

239 3179 409 3249 guaciones
420 3181 458 3234 de
469 3178 517 3234 lar
527 3179 749 3254 antigaodadn
764 3181 801 3236 da
823 3180 1003 3246 Cantabria,
1020 3179 1073 3249 VI,
1092 3176 1156 3249 3o5;
1175 3178 1349 3251 Magdalena
1365 3178 1403 3234 de
1421 3178 1477 3233 Lo·

243 3268 321 3338 yolo,
336 3266 444 3339 Ignatii
457 3284 549 3337 soror3
564 3277 595 3325 et
607 3270 762 3326 Beltranus
775 3270 874 3341 Lopez
887 3268 925 3325 de
938 3267 1148 3339 Gallaiztegui,
1157 3267 1294 3323 dominus
1303 3267 1341 3323 de
1351 3266 1474 3338 Ornata,

244 3357 351 3427 ignatii
365 3374 466 3430 nepos,
480 3357 590 3432 dequo
602 3358 757 3415 videantur
771 3359 869 3431 Epist.
885 3358 1010 3423 Mixtae,
1024 3358 1064 3430 11,
1073 3356 1138 3427 643.
1524 3358 1525 3361 ’

298 3449 310 3481 ⁴
346 3447 461 3517 Joanna
473 3446 511 3502 de
523 3447 663 3517 necorde,
677 3448 807 3503 Beltroni
825 3463 907 3503 uxor.
928 3446 1072 3503 «Sucedio
1090 3448 1210 3503 Beltrin
1225 3445 1263 3501 de
1282 3444 1365 3504 Onaz
1383 3464 1403 3518 y
1421 3445 1475 3501 Lo·

243 3535 311 3605 yolo
328 3552 367 3591 en
384 3536 412 3591 el
429 3538 546 3592 sefiorio
563 3536 600 3591 de
617 3538 645 3593 la
662 3536 739 3593 Casa
754 3540 819 3592 iou
832 3536 922 3610 padre
935 3537 1041 3592 Martin
1055 3536 1171 3592 Garzia.
1186 3534 1263 3591 Caso
1277 3553 1314 3590 en
1329 3536 1355 3590 el
1370 3540 1425 3591 aiio
1438 3534 1476 3590 de

244 3624 295 3691 mil
307 3624 476 3697 quinientos
490 3633 607 3697 treynto
619 3642 640 3697 y
652 3626 726 3681 ocho
741 3641 797 3680 con
810 3626 895 3681 Dona
906 3626 1003 3697 Juana
1015 3624 1053 3679 de
1064 3624 1205 3692 Recalde‚
1215 3624 1275 3696 hija
1285 3624 1323 3679 de
1333 3625 1410 3695 Juan
1420 3624 1475 3679 Lo·

242 3730 298 3785 pez
310 3712 348 3769 de
360 3713 501 3785 Recalde,
514 3713 670 3770 Caballero
686 3713 734 3770 del
751 3714 862 3769 thito
879 3714 917 3769 de
934 3713 1087 3785 Santingo,
1105 3713 1273 3770 Proveedor
1290 3713 1418 3769 General
1437 3712 1475 3769 de

243 3800 411 3873 Bomoi...»
424 3803 728 3873 Hanno-vunnim,
741 3806 788 3875 op.
803 3803 866 3867 cir„
880 3801 948 3871 vn,
962 3800 1007 3856 33.
1288 3785 1296 3803 '

296 3888 305 3922 ¹
342 3890 387 3945 Ex
399 3890 570 3963 exemplari,
582 3883 646 3946 arte
658 3890 899 3962 photographico,
912 3898 943 3945 ut
957 3889 1049 3962 ajunt,
1061 3888 1171 3945 Matriti
1184 3904 1260 3945 anno
1275 3888 1344 3959 1879
1357 3906 1476 3960 expres-

242 3996 287 4034 so.
300 3978 433 4061 Epistola
444 3979 597 4051 originalis
608 3978 689 4035 dicto
701 3996 778 4035 anno
789 3980 964 4034 servabatur
977 3978 1007 4034 in
1020 3978 1129 4050 palatio
1141 3977 1258 4034 comitis
1271 3977 1309 4033 de
1328 3976 1426 4035 Onate
1445 3986 1476 4033 et

215 4100 221 4111 ·
242 4067 326 4125 ducis
338 4067 376 4123 de
388 4067 496 4141 Najera
508 4068 539 4124 in
552 4069 625 4124 urbe
638 4066 812 4123 matritensi.
827 4066 968 4124 Corrossa
980 4068 1089 4136 charta,
1105 4067 1165 4138 legi
1184 4084 1243 4123 non
1255 4074 1355 4139 potest
1368 4065 1476 4140 aliquo·

242 4174 307 4212 rum
321 4173 460 4211 versuum
473 4172 550 4228 pars,
563 4155 642 4229 quod
654 4155 873 4211 characteribus
885 4156 973 4211 valde
985 4154 1179 4211 dissimilibus
1197 4154 1227 4210 in
1245 4155 1476 4227 photographico

241 4246 377 4318 exemplo
390 4244 566 4313 indicarunt3
581 4243 635 4300 sed
648 4243 779 4300 editores
791 4243 869 4300 haud
878 4244 982 4300 dicunt
995 4243 1143 4299 undenam
1156 4245 1259 4311 verba,
1272 4260 1348 4317 quae
1361 4242 1475 4299 deside.

241 4334 381 4389 rabantur
393 4332 424 4388 in
436 4332 584 4405 originali,
596 4332 844 4405 deprompserint.
854 4332 980 4391 Uncinis
992 4333 1116 4401 inclusa,
1127 4350 1162 4387 ea
1172 4332 1261 4388 etiam
1271 4333 1303 4389 in
1313 4332 1473 4404 exemplari

243 4420 326 4476 ducis
338 4420 376 4476 de
389 4420 497 4493 Najera
509 4420 624 4493 adjecta
636 4429 721 4490 sunt3
734 4439 802 4477 nam
820 4421 851 4477 in
867 4423 1039 4494 archetypo,
1055 4428 1205 4477 vetustate
1218 4421 1330 4492 attrito,
1344 4420 1404 4492 legi
1418 4435 1476 4476 non

245 4518 380 4581 possunt.

296 4600 308 4633 ¹
343 4599 487 4657 Martinus
500 4600 607 4657 Garcia
619 4598 656 4655 de
669 4598 752 4658 Onaz
765 4607 796 4655 et
809 4599 933 4673 Loyolo,
946 4599 1053 4673 [gumi
1066 4599 1167 4670 irater,
1182 4600 1310 4673 Loyolae
1327 4598 1480 4669 dominus,¹

242 4686 352 4761 dequo
364 4690 480 4761 egimus
492 4706 591 4761 supra,
608 4689 695 4762 epist.
710 4687 738 4760 3,
752 4698 850 4745 annot.
865 4704 892 4745 2.
