3625 5400
364 495 420 567 484
741 497 947 553 Momm
966 495 1143 552 laumass

316 671 405 717 sero
421 651 476 717 del
491 671 590 737 papa,
608 651 694 717 elas
709 651 828 735 quales
842 671 882 716 os
895 648 1090 718 remitiades
1106 661 1131 732 ²,
1150 671 1196 716 no
1211 651 1279 716 han
1295 651 1466 736 llegadoe
1486 650 1550 717 mis

326 787 445 834 manos
459 763 484 832 ¹².

392 882 470 948 Vna
495 891 588 948 carta
614 883 658 951 de
683 903 727 947 vn
748 882 853 967 pobre
877 880 1020 949 hombre
1041 881 1084 946 de
1105 885 1196 966 aqui,
1219 901 1287 966 que
1307 902 1351 947 va
1371 900 1437 946 con
1458 891 1550 948 estas

324 995 466 1077 abierta,
483 997 631 1084 despues
645 998 690 1065 de
704 997 803 1082 leyda
819 1019 842 1082 y
858 995 995 1063 serrada
1009 995 1043 1062 la
1058 995 1250 1063 mandareis
1265 997 1326 1063 dar
1341 1002 1361 1063 ἐι
1385 993 1504 1064 Oceliz
1519 995 1544 1075 ⁸,

324 1113 480 1182 diziendo
496 1133 563 1199 que
577 1133 617 1178 os
632 1111 688 1200 [la]
703 1113 774 1178 han
788 1110 937 1204 imbiadp
952 1113 997 1180 de
1011 1113 1131 1191 Roma,
1150 1131 1195 1177 no
1210 1111 1376 1180 haziendo
1395 1110 1547 1177 mention

323 1230 450 1316 alguna
462 1228 506 1297 de
517 1233 576 1310 mi,
585 1248 653 1313 que
664 1227 697 1294 la
707 1227 849 1294 materia
860 1227 1011 1314 seyendo
1024 1227 1082 1310 tal,
1092 1249 1114 1312 y
1126 1233 1146 1293 a
1159 1249 1200 1294 su
1208 1227 1394 1312 huespede,
1403 1247 1446 1294 en
1459 1245 1547 1311 cuya

323 1364 402 1412 casa
417 1354 536 1412 estaua
552 1348 629 1428 equi
646 1353 671 1424 ⁰,
694 1343 768 1410 elo
787 1364 908 1410 menos
930 1347 1017 1411 seria
1037 1342 1117 1412 bien
1137 1341 1288 1430 pagarle.
1312 1339 1350 1412 Si
1370 1353 1483 1410 tamen
1506 1359 1545 1406 os

321 1459 494 1547 pareciere
508 1469 583 1526 otra
598 1464 654 1526 via
669 1458 962 1544 mejor,·hazesela
976 1458 1038 1525 das
1053 1457 1237 1527 hechedisa
1253 1463 1317 1544 po'r
1332 1467 1407 1524 otra
1429 1475 1543 1535 mano,

321 1595 389 1660 que
404 1596 450 1641 no
464 1595 547 1661 sepa
563 1577 606 1642 de
620 1574 734 1642 dende
748 1573 859 1656 viene3
877 1595 1009 1660 porque
1020 1595 1064 1660 yo
1080 1572 1199 1660 pienso
1214 1595 1293 1661 que,
1311 1593 1410 1639 como
1422 1573 1453 1640 el
1470 1577 1547 1640 sera

321 1699 436 1776 presto
452 1713 496 1758 en
512 1711 588 1800 essa
603 1701 712 1770 cone,
729 1711 769 1756 os
784 1695 846 1777 yse
860 1695 881 1757 έι
895 1689 1025 1758 visitas.

900 1835 963 1917 163

562 1967 701 2034 PATRI
724 1967 886 2034 LA1N10
910 1967 1009 2036 AUT
1032 1965 1302 2035 SALMERONI

677 2093 766 2138 noua
784 2093 934 2138 senone
951 2093 1059 2138 venno
1080 2093 1147 2150 1547
1167 2081 1188 2138 ¹.

321 2178 399 2235 Cum
420 2180 658 2253 archiepiscopus
679 2180 884 2234 armachanus
906 2179 995 2236 vellet
1018 2178 1075 2234 sibi
1097 2179 1223 2234 Patrem
1245 2179 1390 2234 Frusium
1410 2181 1539 2242 concedi,

421 2267 509 2340 cujus
521 2272 612 2342 opera
625 2268 659 2322 n'n
671 2266 827 2323 scribenda
838 2271 986 2332 uteretur,
996 2268 1030 2323 id
1042 2267 1185 2341 [gnatius
1195 2268 1319 2322 comiter
1331 2271 1433 2339 negat.

385 2386 520 2470 Perque
536 2387 637 2452 Mtre.
657 2382 843 2451 Pascesio'
859 2405 916 2453 me
930 2383 1061 2453 escribe
1075 2386 1119 2452 de
1135 2395 1231 2470 parte
1246 2385 1289 2450 de
1305 2385 1416 2451 Mons.
1435 2405 1538 2451 nues-

316 2513 369 2568 tro
390 2501 583 2568 Asmacano
603 2503 629 2583 ³,
652 2521 720 2586 que
746 2502 848 2568 desea
873 2499 1013 2569 haberle
1033 2500 1066 2566 al
1085 2511 1226 2568 nuestro
1244 2503 1343 2567 Mtte.
1367 2501 1503 2567 Andr&
1524 2501 1537 2532 ⁸

213 2702 221 2715 ι
313 2637 396 2704 para
407 2614 559 2696 escribir,
572 2637 610 2682 es
621 2616 750 2684 verdad
759 2636 828 2701 que
839 2614 871 2682 el
882 2615 1088 2703 predicando
1101 2614 1185 2683 cada
1196 2616 1252 2682 dia
1264 2637 1308 2684 en
1319 2617 1352 2680 la
1363 2635 1536 2682 coaresma

313 2754 358 2801 en
374 2732 406 2800 la
422 2742 561 2799 nuestra
576 2730 719 2818 yglesi'a‚
733 2743 832 2801 antes
843 2751 912 2817 que
926 2732 1056 2818 llegase
1067 2738 1087 2797 έι
1099 2732 1132 2797 la
1144 2730 1248 2799 mitad
1261 2733 1304 2800 de
1319 2732 1352 2798 la
1364 2751 1537 2799 coaresma

312 2850 347 2917 le
361 2847 507 2915 hizimos
522 2848 627 2915 dexar
642 2847 685 2915 de
700 2848 855 2934 predicar
868 2833 953 2934 para
971 2846 1114 2914 inviarle
1134 2842 1154 2913 ἐ
1174 2848 1202 2913 F
1203 2846 1355 2932 loreneia
1371 2849 1396 2929 ³,
1420 2868 1481 2933 por
1504 2846 1538 2913 lo

312 2984 380 3051 que
398 2984 444 3029 no
461 2983 526 3029 nos
542 2963 719 3048 podiamos
733 2982 882 3031 escusar.
899 2964 967 3030 Por
979 2960 1123 3048 quitarle
1139 2984 1182 3029 en
1198 2962 1245 3028 tal
1262 2962 1388 3047 tiempo
1399 2962 1442 3028 de
1460 2980 1536 3047 pre-

310 3077 404 3146 dicar
419 3100 456 3146 se
472 3079 584 3163 puede
599 3077 773 3145 coniectas
788 3083 917 3167 quanto
932 3081 1066 3145 &ramos
1081 3100 1103 3163 y
1124 3098 1237 3143 somos
1257 3075 1471 3143 necesitados
1494 3077 1537 3143 de

309 3192 454 3263 inviarle
470 3216 493 3279 y
510 3194 647 3261 hazerle
663 3191 776 3259 asistir
796 3193 879 3274 alliu
902 3213 970 3276 que
993 3192 1022 3259 si
1043 3192 1140 3259 fuese
1159 3212 1240 3259 cosa
1255 3212 1322 3279 que
1338 3212 1402 3258 con
1423 3192 1536 3258 buena

362 3413 376 3441 ι
393 3398 495 3471 quales
508 3414 541 3451 se
558 3395 740 3464 miriades,
758 3413 828 3464 nss.,·
840 3397 932 3469 prius
949 3396 1107 3469 legebatur
1122 3397 1224 3469 quales
1241 3412 1274 3450 se
1291 3396 1421 3468 remitte3
1439 3412 1535 3451 esnen-

307 3488 379 3542 dato
396 3486 484 3542 verba
500 3484 625 3557 remitte,
640 3486 727 3541 obliti
742 3490 814 3540 sant
829 3487 954 3541 verbam
968 3488 1151 3559 praevadens
1167 3486 1346 3541 cancellare.
1383 3488 1434 3531 -b
1455 3486 1537 3542 Inter
1653 3488 1660 3499 “

307 3576 495 3647 superiorem
512 3574 675 3646 periodum
692 3579 721 3629 et
738 3578 907 3645 sequentem
925 3576 1017 3631 deceta
1032 3579 1075 3630 est
1091 3574 1188 3639 linea,
1206 3576 1295 3645 quasi
1311 3576 1346 3629 de
1363 3592 1396 3629 re
1414 3574 1536 3643 diversa

308 3668 465 3737 ageretur.
501 3676 552 3707 -ο
569 3662 788 3718 Praecedentia
800 3680 906 3719 novem
919 3664 1010 3719 verba
1021 3664 1143 3737 scripsit
1156 3664 1186 3719 S.
1201 3663 1353 3736 Ignatins.

361 3828 372 3859 ¹
410 3824 455 3879 De
468 3824 523 3879 hac
535 3821 675 3878 schedula
687 3822 838 3878 scribebat
851 3822 993 3879 Αηοιίιιε
1006 3836 1043 3893 25
1054 3822 1123 3895 Meji
1138 3834 1215 3893 1547:
1236 3842 1287 3881 a...
1300 3826 1412 3881 anoche
1424 3824 1533 3881 resciat

308 3930 348 3967 vn
361 3928 444 3984 meso
457 3912 494 3967 de
507 3912 598 3967 letrae
609 3910 648 3966 de
660 3911 697 3971 V.
711 3912 771 3969 R...
786 3914 813 3966 A
829 3910 936 3970 Oeam
951 3926 1065 3968 eremos
1076 3912 1129 3969 dar
1141 3928 1178 3969 su,
1188 3914 1271 3984 lette,
1286 3912 1332 3969 sin
1345 3930 1402 3983 que
1416 3930 1487 3986 sepa
1498 3930 1534 3986 yr

214 4006 219 4017 '
307 4017 360 4073 por
372 4009 491 4057 nuestm
503 4002 562 4068 vie,
575 4018 629 4073 por
640 4016 706 4055 sees
718 4000 757 4055 de
769 4002 809 4056 tal
826 4000 976 4057 eelidad...
990 4000 1115 4057 Bendito
1132 4019 1182 4058 sea
1199 4009 1318 4059 nuestro
1336 4002 1439 4073 Sesor,
1459 4019 1533 4075 puae

307 4092 420 4165 lneque
433 4093 523 4148 scsiui
535 4108 591 4147 con
604 4092 632 4147 el
644 4108 793 4147 camareto
805 4091 843 4147 de
853 4091 895 4147 Su
904 4090 1046 4147 Santidsd
1056 4109 1094 4148 no
1104 4078 1261 4163 llegaroet
1271 4108 1371 4147 menas
1380 4092 1418 4147 de
1428 4093 1465 4147 V.
1477 4092 1534 4149 R.»

307 4180 405 4253 Epist.
419 4182 543 4247 Mixtae,
558 4182 582 4248 1,
595 4179 659 4251 ³73,
672 4179 735 4250 374.
749 4180 793 4236 Ex
806 4182 915 4255 quibus
927 4182 990 4237 erui
1004 4190 1101 4253 potest
1113 4184 1178 4254 plus
1188 4181 1323 4238 minusve
1336 4190 1463 4254 tempus,
1473 4198 1532 4255 quo

308 4270 426 4342 scripsit
439 4270 583 4335 lenatius.
1459 4338 1463 4349 ὅ

197 4406 203 4417 .
360 4359 368 4393 ¹
406 4360 450 4413 Ex
463 4360 527 4413 cod.
542 4358 629 4414 Rom.
644 4358 668 4422 1,
682 4366 797 4429 autogr.
815 4371 826 4412 1
841 4359 923 4432 folio,
938 4368 969 4415 et
985 4358 1104 4432 quidem
1118 4360 1230 4427 mutilo,
1250 4378 1279 4415 n.
1298 4358 1532 4417 mxu-car-

306 4450 364 4511 tas,
381 4464 410 4502 n.
425 4446 504 4505 CIV.

358 4541 369 4571 ²
407 4537 440 4590 P.
455 4536 629 4593 Paschasius
641 4537 776 4593 Broetus.
958 4539 969 4571 ³
1006 4538 1153 4594 Robertus
1167 4540 1329 4611 Wauchop.

357 4628 370 4660 ⁴
407 4625 439 4679 P.
455 4624 733 4680 AndreasFrusius.

358 4718 370 4749 ⁵
406 4714 588 4781 Potentem,
603 4712 726 4779 Chran„
741 4714 765 4785 1,
778 4727 842 4786 221,
856 4733 948 4788 egens
960 4714 998 4771 de
1010 4717 1099 4773 rebus
1113 4716 1270 4772 Societetis
1283 4734 1359 4773 enno
1374 4730 1452 4787 1547.
