3625 5400
561 444 665 501 Earsr.
686 440 821 513 234.—-24
840 443 1027 500 Deceanars
1047 455 1115 513 1547
1361 442 1416 534 663

220 594 311 683 apud
327 598 439 663 Deum
455 606 490 663 et
505 596 674 676 homines,
692 592 825 665 etiamsi
842 615 874 680 qr
890 595 919 662 is
934 594 1101 683 exigeret,
1125 594 1290 665 rationem
1311 594 1450 683 dispen-

220 710 363 779 sationis
379 732 476 779 meae
492 711 635 781 reddere
650 721 779 799 potero.
796 711 884 779 Illud
899 710 1037 781 interim
1059 710 1220 778 monendi
1240 710 1335 795 estis,
1358 713 1448 797 quod

219 828 322 895 hasce
348 848 468 895 omnes
494 826 635 914 gratias,
659 848 745 912 quas
769 824 922 893 habituri
941 838 1023 894 sunt
1044 826 1102 912 qui
1129 828 1220 893 hanc
1247 825 1448 913 religionem

219 941 432 1028 profitentur,
449 942 559 1011 donec
580 941 684 1027 aliqui
700 962 770 1009 non
790 940 859 1009 sint
880 940 1038 1029 professi,
1056 963 1129 1009 non
1150 942 1286 1028 publice
1302 954 1449 1029 possunt

218 1077 318 1125 suum
333 1057 370 1124 in
381 1058 607 1145 patrocinium
623 1058 806 1139 adducere,
820 1056 900 1143 quia
912 1056 1014 1127 vinae
1026 1056 1122 1125 vocis
1136 1058 1290 1139 oraculo,
1304 1080 1375 1125 non
1386 1080 1448 1145 per

217 1172 412 1260 diplomata,
430 1172 686 1243 concessionem
703 1176 794 1240 hanc
809 1172 994 1241 habuimus
1006 1196 1027 1239 a
1042 1194 1177 1241 summo
1192 1173 1367 1260 pontifice,
1385 1196 1448 1260 pro

216 1287 281 1369 his,
299 1288 451 1375 inquam,
469 1288 528 1374 qui
544 1290 750 1358 Societatem
767 1309 836 1355 non
852 1288 997 1376 professi
1012 1299 1106 1370 sunt;
1124 1310 1203 1356 nam
1225 1289 1370 1375 professi
1386 1311 1447 1376 per

216 1405 320 1471 breve
336 1405 392 1473 vel
410 1404 561 1491 diploma
580 1404 717 1491 publice
737 1402 839 1471 etiam
861 1425 925 1470 sua
945 1414 1108 1491 poterunt
1127 1403 1308 1491 privilegia
1328 1414 1445 1473 osten-

215 1521 312 1589 dere.
342 1519 573 1588 Nihilominus
592 1519 628 1587 in
650 1521 723 1587 foro
745 1512 976 1587 consdientiae
996 1519 1138 1607 perinde
1157 1531 1210 1589 est
1230 1520 1331 1589 vinae
1350 1520 1446 1588 vocis

215 1637 355 1715 oraculo
380 1658 422 1704 ea
448 1634 648 1717 obtinuisse,
672 1636 717 1703 ad
742 1636 829 1716 eiua,
851 1635 911 1720 qui
937 1635 1124 1723 dispensat,
1146 1635 1378 1718 securitatem,
1408 1647 1443 1703 et

214 1772 346 1835 eorum,
364 1750 422 1837 qui
438 1750 479 1819 iis
496 1752 669 1831 fmuntur,
688 1750 869 1821 utilitatem
888 1753 926 1816 ¹⁰.
945 1753 1016 1821 Sed
1032 1752 1076 1821 de
1090 1751 1146 1824 his
1157 1750 1252 1820 satis.

280 1868 366 1935 Vale
393 1865 428 1933 in
455 1866 594 1933 domino
621 1878 737 1933 nostro
759 1868 870 1956 JESV
894 1865 1047 1947 Christo,
1070 1866 1129 1953 qui
1148 1888 1233 1936 suae
1257 1867 1444 1935 voluntatis

212 1981 388 2069 agnitione
401 2003 466 2049 nos
482 1980 635 2068 implere,
654 1992 689 2051 et
705 1981 795 2049 vires
811 1982 854 2048 ad
870 2004 946 2050 eam
962 1982 1197 2069 exequendam
1219 2005 1280 2069 per
1297 1982 1442 2070 gratiam

211 2119 309 2166 suam
327 2097 478 2167 tribuere
492 2097 669 2185 dignetur.

277 2216 405 2281 Datum
422 2215 552 2281 Romae
568 2236 589 2301 9
605 2213 765 2281 calendas
776 2212 930 2301 Januarii
950 2229 1033 2299 1545
1054 2216 1090 2281 ¹¹.

278 2330 375 2397 Tuus
392 2329 427 2395 in
448 2328 611 2411 Domino,

1073 2456 1261 2524 lanarius.

275 2580 418 2647 Abscisa
440 2579 572 2661 olearia,
594 2580 676 2645 lzaec
702 2584 836 2645 iunium
859 2587 949 2665 pars
969 2580 1207 2665 inscriptionis
1228 2582 1301 2667 legi
1316 2583 1436 2665 polest.

268 2698 462 2783 Paybrock,
481 2695 702 2765 Coloniam...

214 2871 422 2883 -—..-—

261 2973 283 3008 ¹⁰
319 2971 395 3028 Vide
411 2972 566 3045 epistolam
581 2971 618 3028 ad
635 2973 670 3026 Ρ.
684 2971 835 3028 Canisium
849 2987 865 3027 2
879 2971 960 3043 Junii
978 2978 1009 3026 et
1021 2970 1058 3026 ad
1076 2972 1109 3028 P.
1133 2972 1301 3029 Kcsselium
1317 2974 1335 3027 6
1353 2973 1438 3045 Junii

208 3062 287 3132 1546.

260 3152 279 3188 ¹¹
319 3151 380 3221 Sic;
394 3161 424 3208 at
437 3149 610 3208 manifestus
623 3159 670 3206 est
683 3167 772 3206 error:
790 3152 816 3220 1)
828 3150 950 3223 quidem
962 3153 1031 3226 qnia
1044 3151 1295 3223 Paeybroeckius,
1307 3151 1356 3207 cui
1376 3151 1437 3224 epi·

204 3241 281 3297 stola
292 3238 471 3312 inscribitur,
486 3239 653 3310 oealendas
667 3238 799 3312 Januarii
814 3251 881 3309 1545
899 3240 1040 3297 Coloniae
1057 3250 1109 3295 aut
1125 3239 1250 3296 Lovanii
1267 3255 1326 3296 non
1340 3257 1438 3296 versa·

206 3329 301 3385 batur.
317 3329 442 3384 «Daniel
454 3327 533 3384 enim
551 3329 608 3384 iarn
626 3344 702 3384 anno
724 3340 792 3398 1544
809 3328 933 3385 Colonia
949 3329 1139 3398 discesserat,
1157 3347 1253 3402 neque
1270 3346 1348 3385 anno
1368 3341 1437 3400 1545

202 3417 307 3474 eodem
320 3417 436 3474 rediit.»
451 3419 719 3488 Baaunssttaoes,
733 3418 824 3473 Beati
838 3417 926 3473 Petri
941 3416 1093 3474 Canuti...
1107 3419 1255 3491 epistulae
1271 3423 1300 3473 et
1317 3422 1394 3486 acta,
1411 3419 1436 3485 1,

204 3519 265 3578 129.
279 3506 337 3563 Die
350 3523 421 3562 vero
439 3520 455 3561 2
475 3506 556 3578 Junii
572 3507 640 3575 1546
653 3505 774 3561 Canisio
796 3506 920 3579 ejusque
942 3507 1031 3563 sociis
1047 3506 1268 3563 coloniensibus
1285 3507 1437 3563 scribebat
1466 3561 1476 3577 ‚

202 3597 343 3668 ignatius:
359 3595 510 3651 «Misimus
523 3597 575 3650 bas
589 3594 690 3651 literas
703 3613 755 3667 per
770 3595 923 3652 Danielem
934 3596 1126 3668 Paeijbrouch
1136 3597 1279 3652 flandrum
1336 3597 1387 3670 qni
1397 3614 1435 3652 ex

202 3684 372 3742 obedientia
385 3693 484 3741 nostra
497 3685 647 3757 profectus
667 3692 724 3755 est,
743 3684 824 3740 illum
845 3693 877 3738 vt
894 3685 1013 3740 fratrem
1030 3685 1209 3758 recipietis.»
1228 3686 1435 3741 8111115311-

200 3788 275 3847 ona,
289 3793 337 3848 op.
351 3776 416 3847 cit,
432 3787 494 3846 191.
508 3775 590 3846 Quas
603 3774 710 3845 Ignatii
722 3773 836 3830 litteras
850 3791 937 3847 supra
950 3776 1054 3844 habes,
1066 3777 1124 3830 sub
1136 3792 1165 3830 n.
1183 3787 1243 3844 124.

253 3868 282 3932 2)
318 3865 419 3933 Multa,
433 3865 552 3936 quaein
565 3864 691 3935 epistola
703 3862 903 3932 continentur,
917 3862 1071 3920 evidenter
1081 3864 1118 3919 ad
1132 3872 1247 3936 tempus
1258 3863 1435 3936 posterins9

197 3953 336 4010 calendas
349 3953 481 4025 Januarii
496 3965 564 4022 1545
578 3961 725 4024 spectant,
739 3961 772 4007 ut
781 3963 823 4008 'ex
836 3951 979 4024 appositis
991 3952 1232 4008 annotationibus
1244 3961 1336 4025 patet.

251 4041 346 4114 lgitur
357 4059 425 4097 cum
434 4049 552 4098 constet
565 4059 602 4096 ex
615 4039 724 4112 Ignatii
737 4039 774 4096 ad
791 4039 944 4096 Canisium
965 4041 1090 4114 epistola
1108 4040 1229 4097 missum
1248 4043 1432 4114 Paeybroec-

197 4129 279 4188 kiuna
292 4129 384 4186 fuisse
397 4147 474 4186 anuo
487 4129 582 4186 medio
600 4130 678 4200 1546,
692 4146 819 4202 cumque
831 4146 972 4201 praesens
985 4129 1111 4202 epistola
1124 4130 1276 4202 responsio
1289 4130 1328 4186 sit
1338 4129 1375 4185 ad
1384 4130 1431 4186 lit·

198 4227 276 4274 teras
289 4220 422 4276 Danielis
433 4235 451 4289 4
464 4237 556 4276 nonas
570 4219 667 4275 Martii
680 4228 711 4274 et
727 4233 757 4288 15
768 4219 906 4276 calendas
919 4221 1029 4293 Aprilis
1039 4221 1133 4292 datas,
1144 4219 1262 4276 videtur
1271 4220 1344 4275 haec
1354 4219 1433 4276 inter

197 4308 338 4380 epistolas
351 4308 419 4364 anai
434 4321 502 4378 1547
515 4308 696 4364 numeranda
708 4325 785 4365 esse.
800 4311 837 4364 Et
849 4309 970 4382 quidem
982 4311 1129 4378 Hausatt,
1143 4310 1318 4365 Rheiniscltc
1333 4310 1431 4365 Aleten

196 4414 253 4452 aur
268 4395 438 4454 Gesclriclsle
449 4399 500 4454 des
511 4397 761 4470 Jesuiienordens
776 4397 940 4468 1542·1582,
953 4415 1021 4470 pag.
1039 4399 1086 4469 86,
1103 4407 1203 4454 annot.
1225 4411 1249 4470 1,
1269 4415 1335 4453 eam
1353 4397 1432 4454 inter

198 4485 338 4557 epistolas
352 4485 431 4542 illius
444 4487 512 4543 anni
525 4487 708 4558 adnumerat,
721 4486 785 4557 sed,
799 4486 925 4559 quadam
937 4487 1118 4544 correctione
1135 4485 1276 4560 adbibita,
1295 4487 1429 4542 eamdem

195 4589 214 4642 9
226 4575 364 4632 edendas
376 4575 458 4647 Junii
471 4577 609 4648 scriptam
623 4573 714 4631 fuisse
727 4583 821 4647 putat.
836 4577 877 4632 At
895 4576 987 4632 nimia
1003 4576 1124 4632 licentia
1142 4574 1261 4632 videtur
1278 4591 1330 4648 pro
1342 4574 1431 4632 libito

195 4681 329 4721 mensem
341 4663 507 4730 immutare,
520 4681 587 4721 cnm
601 4663 764 4721 necessitas
777 4663 896 4720 aliunde
910 4682 968 4721 non
981 4655 1080 4737 cogat.
