3625 5400
643 501 746 558 Eris'r.
769 513 900 571 174-21
921 503 998 569 11171
1019 511 1088 571 1547
1388 509 1441 569 519

316 655 396 720 Dat.
415 654 525 720 Rome
544 654 635 740 apud
655 653 875 722 seminarium
895 652 997 722 tertio
1018 652 1152 723 decimo
1172 653 1240 721 kal.
1267 650 1362 741 Junii
1386 673 1475 719 anno

204 801 210 810 ·
250 767 353 834 tertio
369 768 513 835 decimo.

316 885 512 970 Inscriptio.
541 886 730 967 Statutum‚
755 887 848 971 quod
874 885 1090 973 praepositus
1117 899 1152 951 et
1179 883 1263 952 socii
1289 883 1474 952 Societatis

243 1002 327 1088 Jesu
344 1020 414 1065 non
430 1011 612 1069 teneantur
628 1001 801 1088 suscipere
816 1023 933 1070 curam
950 1001 1149 1070 monialium
1166 1011 1227 1067 aut
1241 999 1383 1067 alierum
1396 1019 1473 1067 mu·
1495 997 1497 1003 ’

249 1114 383 1183 lierum.

313 1232 344 1296 A
362 1236 471 1318 tergo.
496 1231 622 1319 19·[sic]
641 1232 722 1300 Maii
742 1249 822 1317 1551
844 1233 927 1324 [step
947 1233 1106 1336 Facultas
1123 1255 1193 1300 non
1209 1228 1397 1318 accipiendi
1410 1252 1472 1296 cu-

248 1366 320 1411 ram
336 1345 546 1416 monialium.
566 1349 779 1416 [ambertus.

315 1464 396 1527 Atia
410 1483 532 1532 mann.
551 1465 608 1530 L.⁰
624 1467 747 1544 XV1.0,
767 1465 824 1532 sol.
844 1466 951 1532 v111.0

842 1602 906 1680 174

483 1678 642 1798 ,ΡΑΤΕΒ
668 1732 882 1818 JOANNES
913 1733 976 1798 DE
1008 1731 1234 1798 POLANCO

594 1837 732 1891 111111
757 1835 935 1908 JACOBO
961 1835 1125 1894 LA1N10

689 1947 822 1991 1011111
838 1948 908 2002 11171
928 1947 995 2005 1547
1011 1936 1030 1993 ¹.

245 2030 292 2085 De
303 2032 424 2096 studiis,
442 2033 548 2102 quibus
564 2035 606 2087 ad
626 2034 849 2088 humanitatem
870 2033 1064 2105 informatur
1085 2033 1318 2088 adolescentium
1336 2031 1469 2096 animus,

295 2121 376 2174 docte
393 2121 543 2176 Polaticus
555 2122 957 2178 disserit.-Humaniorum
971 2123 1149 2178 litterarum
1159 2123 1263 2176 studia
1273 2121 1472 2194 gravioribus

295 2210 430 2264 scientiis
447 2211 654 2280 perdiscendis
674 2210 791 2283 officere
804 2229 866 2266 non
881 2215 983 2283 putat,
997 2212 1025 2265 si
1035 2213 1141 2266 modus
1154 2214 1186 2266 in
1206 2211 1271 2266 iltis
1283 2213 1472 2265 teneatur.-

301 2300 563 2370 Argumentorum
577 2304 728 2355 momenta
740 2300 774 2354 in
790 2301 927 2355 medium
949 2299 1056 2372 affert,
1072 2301 1181 2372 quibus
1201 2299 1329 2354 ostendit
1343 2299 1471 2354 Petrum

298 2389 334 2442 de
349 2387 551 2444 Ribadeneira
564 2389 691 2464 linguae
703 2389 820 2444 latinae
828 2394 857 2445 et
866 2407 997 2462 graecae
1006 2391 1146 2445 animum
1156 2389 1313 2461 applicare
1323 2392 1469 2459 oportere.

313 2504 362 2570 La
377 2505 495 2590 gracia
521 2528 623 2592 ypaz
649 2506 692 2575 de
714 2496 796 2595 Jhu.
827 2509 890 2577 X.⁰
917 2516 1018 2575 schor
1047 2517 1187 2574 nuestro
1208 2527 1266 2572 sea
1287 2504 1472 2590 siemprey

244 2642 362 2688 cresce
376 2641 419 2686 en
441 2632 598 2690 nuestras
613 2622 754 2690 animas.
775 2625 899 2706 Amen.

311 2739 366 2804 No
378 2760 464 2823 poco
480 2740 577 2805 fauor
593 2760 648 2805 me
663 2742 707 2807 ha
719 2742 830 2808 hecho
842 2741 887 2809 V.
901 2742 943 2807 R.
958 2760 1076 2806 consu
1090 2740 1212 2820 letra';
1228 2760 1370 2824 porque,
1385 2738 1469 2804 scri-

245 2852 463 2920 uiendoseme
484 2876 527 2921 en
555 2854 667 2921 medio
686 2856 729 2921 de
750 2856 800 2922 los
823 2856 985 2921 articulos
1006 2857 1017 2889 ³
1043 2854 1077 2942 [y
1104 2854 1233 2942 demis]
1261 2854 1489 2939 quehazeres.

242 2972 322 3053 [que
334 2969 378 3035 V.
394 2971 449 3054 R]
465 2980 539 3054 tray
552 2969 708 3056 consig0‚
725 2971 775 3056 [es
790 2976 863 3036 mis
875 2970 918 3036 de
930 2970 1129 3059 agradecer]
1146 2971 1204 3036 'el
1216 2968 1412 3037 testimonio
1427 2969 1470 3035 de

243 3148 409 3218 superiore,
419 3152 488 3219 post
500 3150 636 3203 litteram
650 3166 669 3219 p
683 3147 729 3220 (in
744 3150 870 3211 vocibuis,
885 3153 1000 3221 nempe,
1019 3164 1109 3221 exp.⁰
1127 3154 1155 3203 el
1173 3150 1289 3219 expse),
1307 3152 1403 3203 exstat
1423 3148 1470 3202 lit·

243 3240 320 3301 tera,
334 3254 412 3307 quae
424 3237 563 3306 distincte
576 3238 639 3310 legi
650 3255 711 3292 non
720 3242 828 3309 potest·
837 3239 941 3309 potins
954 3239 1075 3293 videtur
1088 3254 1147 3293 esse
1160 3239 1179 3307 1,
1195 3254 1287 3307 quam
1298 3254 1326 3291 1.

294 3342 308 3369 ⁸
327 3326 438 3380 Senem
458 3325 550 3397 hujus
563 3328 694 3397 periodi,
711 3326 797 3398 forte
815 3328 916 3399 primi
936 3328 1060 3381 librarii
1081 3327 1250 3391 oscitantia,
1275 3324 1471 3397 imperfectus

241 3416 406 3471 admodum
419 3419 472 3479 est,
485 3432 612 3485 eumque
625 3433 678 3470 nos
690 3417 794 3486 aliquo
805 3416 894 3470 modo
904 3415 1048 3487 perficere
1058 3416 1245 3471 miravimus.

297 3567 303 3597 ¹
343 3568 387 3621 Ex
399 3566 631 3623 codice'Decret.
645 3573 674 3622 et
687 3568 788 3632 instr.,
802 3584 916 3639 apogr„
930 3568 961 3621 ff.
977 3565 1126 3636 234v-237.

293 3656 306 3690 ‘
342 3654 484 3711 Lainiiad
496 3656 655 3712 Poleucum
672 3656 796 3728 litteras,
814 3674 937 3729 querum
960 3658 1070 3711 mentio
1087 3656 1134 3711 hic
1152 3655 1196 3723 fit,
1214 3656 1355 3710 hacteuus
1369 3652 1469 3709 videre

241 3744 327 3799 nobis
339 3759 397 3799 non
410 3744 502 3800 licuit.
517 3746 563 3799 De
576 3746 703 3801 Poleuco
715 3744 834 3819 quidem
847 3745 910 3816 agit
924 3745 1054 3809 Lainius,
1068 3744 1183 3815 Ignatio
1193 3744 1325 3799 scribens
1338 3742 1469 3798 Bononia

239 3845 273 3902 27
287 3832 398 3903 Aprilis
413 3845 493 3904 1547,
506 3834 608 3906 illique
620 3836 784 3905 gratuletur
796 3835 875 3908 quod
891 3834 1049 3889 Societetis
1067 3833 1242 3889 secretarius
1260 3832 1349 3887 fuerit
1361 3848 1468 3886 renun-

240 3921 339 3980 tiatus:
355 3922 495 3977 «Escribo
507 3922 544 3977 de
558 3922 597 3977 mi
610 3925 718 3980 lette...
739 3924 819 3979 Sino
832 3924 942 3979 acierta
955 3927 971 3979 i
985 3925 1085 3993 leerla,
1104 3922 1205 3994 podria
1223 3920 1317 3977 servir
1329 3921 1366 3976 de
1380 3922 1468 3976 inter·

197 4014 209 4057 l
238 4020 322 4083 prete
336 4012 393 4067 Ms.
411 4012 572 4069 Polanco...
586 4013 662 4067 Dele
671 4014 709 4068 V.
724 4014 759 4069 R.
775 4014 830 4069 mis
843 4011 1051 4070 encomiendes
1064 4030 1084 4084 y
1098 4013 1125 4066 el
1132 4012 1231 4082 prosit
1243 4009 1281 4065 de
1291 4012 1319 4065 la
1328 4009 1468 4081 diguidad

237 4104 299 4155 mis
312 4101 399 4173 altay
409 4118 516 4171 segura
525 4118 583 4174 que
593 4103 621 4155 le
631 4101 743 4157 audada
752 4106 768 4156 i
778 4103 922 4173 Burgus.»
933 4103 1052 4173 Tountt,
1073 4102 1149 4155 Vida
1159 4100 1243 4155 dcl...
1255 4100 1358 4154 Padre
1368 4099 1468 4171 Diego

240 4188 366 4259 Layner,
378 4198 399 4245 t.
414 4190 438 4261 1,
452 4206 524 4262 pag.
543 4202 603 4258 147.
619 4191 709 4245 Porro
722 4208 759 4245 ex
776 4192 911 4246 hocloco
928 4190 1066 4245 docemur
1084 4190 1243 4245 Polancum
1262 4188 1376 4258 ignatio
1393 4204 1469 4243 ase·

237 4278 328 4335 cretis
340 4279 534 4335 constitutum
546 4278 639 4335 fluisse
651 4282 740 4351 paulo
751 4288 819 4352 post
834 4298 923 4353 quam
940 4281 990 4335 ille
1008 4278 1131 4334 Patauio
1149 4280 1288 4333 «Romam
1306 4278 1369 4332 aP.
1385 4278 1467 4347 lgna-

237 4367 280 4423 tio
293 4368 398 4424 Martio
410 4386 512 4424 mense
525 4377 646 4424 vocatus
659 4378 734 4425 est.»
745 4370 928 4439 POLANCUS,
944 4368 1069 4433 cirron„
1083 4369 1105 4439 l,
1121 4382 1183 4437 209.

290 4458 301 4489 ³
338 4457 475 4528 intellige
488 4458 603 4514 litteras
616 4476 634 4513 e
646 4458 750 4514 Leiuio
762 4458 845 4515 datas
858 4458 895 4514 ed
907 4458 1067 4513 Polencum
1081 4474 1147 4512 esse
1162 4458 1191 4513 in
1210 4456 1306 4512 media
1323 4456 1466 4527 discepte-

236 4545 317 4601 tione
330 4546 529 4616 articulorum,
542 4564 616 4619 quos
633 4547 793 4603 tridentino
809 4546 933 4603 concilio
951 4554 1164 4619 proposuerunt
1181 4546 1210 4617 ii,
1232 4546 1283 4619 qui
1296 4544 1468 4601 acatholica

236 4634 295 4689 fide
308 4634 498 4692 deflexerant.
513 4637 559 4691 De
571 4635 617 4691 his
629 4636 761 4693 articulis
774 4638 847 4692 haec
856 4634 944 4692 effert
956 4637 1159 4692 Missurum
1172 4636 1320 4691 Diarium
1331 4636 1350 4689 I
1356 4636 1389 4690 V:
1403 4647 1464 4703 «25.

236 4722 345 4795 Mertii,
360 4724 518 4780 Veneris...
532 4726 628 4780 Detur
639 4726 724 4799 copia
738 4739 771 4796 14
781 4726 969 4781 articulorum
979 4726 1175 4782 hereticorum
1186 4742 1274 4797 super
1284 4733 1467 4780 sacramento
