3625 5400
580 478 749 535 Arrcuorx
768 480 1077 536 rnruu.-Aouauus
1204 544 1207 547 ,
1349 494 1411 556 729

209 642 247 717 et
266 653 326 717 per
349 654 386 698 se
408 643 519 700 stesso
539 632 676 719 insegni
696 632 720 699 il
742 620 866 719 popolo
882 643 918 698 et
943 633 966 697 l'
992 634 1115 706 essorti
1131 634 1444 726 auiuerexpiana-

210 758 338 815 mente.
1073 813 1076 817 A

277 867 324 934 Se
339 864 526 935 intendcssi
544 864 674 933 esserui
691 866 791 941 alcun
809 865 1023 951 predicatore
1042 888 1064 933 o
1086 868 1254 952 parrocho
1277 868 1441 949 heretice,

211 981 348 1069 procuri
365 981 388 1047 li
400 980 451 1048 sia
467 983 580 1049 leuata
596 983 618 1048 l’
637 980 817 1049 occasione
832 982 868 1048 di
884 982 935 1048 sar
950 964 1066 1048 danno
1078 983 1149 1068 agli
1161 982 1251 1051 altri:
1265 994 1301 1049 et
1313 994 1443 1068 quanto

209 1100 318 1165 aloro
334 1097 433 1165 stessi
454 1097 483 1164 si
503 1097 608 1164 ssorzi
628 1097 663 1163 di
685 1097 815 1179 ridurli,
839 1097 1059 1163 mostrandoli
1082 1098 1114 1163 la
1135 1097 1245 1165 uerita
1265 1098 1301 1163 in
1317 1097 1440 1185 spiritu

206 1212 366 1295 lenitatis.
383 1216 426 1279 Et
439 1236 477 1291 se
489 1213 619 1280 sossino
630 1213 719 1293 duri,
734 1225 769 1281 et
781 1212 957 1299 potessino
973 1211 1230 1282 essere--aiutati
1243 1234 1309 1280 con
1321 1215 1346 1279 l'
1360 1226 1439 1281 aut-

209 1308 359 1398 torita'et
375 1328 527 1415 potentia
543 1329 577 1395 di
593 1328 670 1396 altri
686 1327 853 1414 superiori
872 1352 894 1395 a
916 1329 1003 1408 loro,
1026 1329 1156 1397 douera
1178 1331 1289 1395 anche
1311 1351 1440 1416 procu-

209 1447 311 1527 rarlo;
330 1456 365 1514 et
381 1444 482 1513 etiam
501 1446 532 1511 la
549 1443 727 1530 punitione
743 1445 833 1511 doue
849 1442 878 1509 si
895 1446 976 1529 pud.
1043 1494 1047 1503 .

275 1561 372 1629 Veda
387 1561 431 1628 de
443 1558 583 1628 animar’
600 1560 649 1645 gli
661 1558 787 1625 infirmi
804 1560 893 1627 nella
910 1560 999 1639 fede,
1018 1570 1052 1628 et
1068 1561 1240 1632 essortarli
1262 1584 1282 1627 a
1302 1563 1388 1628 conf
1423 1602 1439 1611 -

205 1698 262 1744 sar
278 1676 359 1742 nelli
374 1674 444 1742 casi
460 1686 496 1742 et
510 1675 609 1741 modo
625 1677 689 1743 che
703 1674 884 1755 conuiene,
903 1697 1006 1742 senza
1022 1675 1176 1749 dar-loco
1192 1677 1225 1743 al
1241 1672 1439 1764 [mon]dano

208 1791 330 1858 timore
348 1794 391 1857 ne
407 1790 495 1879 [alla]
516 1790 672 1859 temerita
687 1789 712 1857 b.

275 1910 375 1975 Doue
392 1908 577 1974 conoscerai
594 1906 722 1975 esserui
741 1907 855 1973 alcuni
873 1906 979 1973 buoni
1001 1906 1166 1993 soggetti‚
1188 1919 1224 1973 et
1245 1908 1307 1974 atti
1327 1908 1370 1973 ad
1387 1908 1441 1974 in·

207 2011 334 2110 'segnar
349 2036 383 2089 et
398 2044 543 2109 reggere
559 2023 648 2103 altri,
667 2025 806 2109 procuri
828 2022 862 2088 di
880 2022 1027 2089 metterli
1047 2022 1185 2088 innanzi
1207 2023 1264 2090 alli
1285 2024 1438 2104 vescoui‚

206 2138 303 2205 accid
319 2138 415 2205 siano
431 2138 618 2228 adoperati,
633 2151 667 2206 et
683 2137 706 2204 li
722 2138 824 2205 diano
840 2138 863 2203 li
879 2138 1037 2205 beneficii
1054 2141 1119 2205 che
1135 2140 1208 2205 loro
1230 2137 1388 2226 sogliono
1404 2151 1439 2207 et

210 2275 359 2341 possono
376 2256 470 2321 dare.
520 2306 524 2314 .

274 2371 320 2438 Se
337 2369 463 2454 potessi
478 2369 634 2435 introdur
650 2369 768 2437 schole
783 2368 817 2435 di
834 2368 1023 2456 gramatica
1038 2369 1074 2436 in
1090 2370 1212 2439 alcune
1225 2346 1349 2451 bande,
1365 2381 1437 2437 tro-

206 2487 320 2552 uando
337 2485 453 2551 mastri
466 2485 625 2551 catholici
638 2496 672 2553 et
684 2484 879 2565 sufficienti,
894 2486 1039 2553 sarebbe
1051 2487 1183 2572 grande
1195 2485 1337 2555 rimedio
1353 2507 1437 2554 con·

205 2612 259 2667 tra
274 2602 298 2665 l'
315 2601 510 2688 ignorantia
525 2602 658 2688 grande
672 2602 730 2669 del
747 2622 862 2687 paese3
882 2613 917 2669 et
933 2600 1127 2687 bisogneria
1142 2622 1282 2670 mouere
1303 2602 1326 2667 li
1341 2602 1438 2688 padri

205 2740 225 2782 a
242 2718 382 2784 rnandar
398 2717 421 2783 li
437 2717 512 2784 suoi
529 2717 685 2804 figliuoli,
704 2717 799 2784 accio
812 2717 963 2791 habbino
975 2717 1201 2786 instructione
1216 2718 1252 2783 in
1264 2719 1387 2786 lettere
1402 2730 1437 2786 et

203 2833 363 2914 costumi;
382 2844 416 2899 et
433 2833 599 2918 imparino
615 2837 724 2899 anche
740 2834 772 2899 la
788 2833 938 2900 dottrina
954 2833 1089 2919 xpiana.
1109 2844 1143 2901 et
1164 2825 1356 2900 catholica.¹

275 2950 371 3016 Veda
391 2971 429 3016 se
449 2949 480 3015 ei
504 2949 575 3016 fara
594 2948 713 3014 ordine
734 2950 799 3016 che
824 2948 922 3015 siano
943 2948 1080 3035 riparati
1103 2950 1216 3014 alcuni
1238 2949 1437 3018 monasterii

203 3066 239 3130 d’
259 3063 412 3130 huomini
428 3064 499 3130 odi
516 3065 641 3144 donne,
661 3086 681 3128 o
696 3065 802 3148 quelli
819 3067 882 3130 che
899 3086 985 3130 sono
997 3064 1031 3129 in
1047 3087 1141 3132 esser
1157 3054 1334 3131 risurmati.

271 3179 369 3249 Saria
385 3182 497 3246 anche
510 3181 597 3246 bene
610 3201 793 3265 procurare
810 3182 874 3246 che
888 3179 910 3244 il
928 3191 1045 3246 monte
1061 3180 1150 3245 della
1167 3179 1257 3265 pieta
1275 3203 1336 3265 per
1352 3180 1429 3245 sub·

203 3296 365 3364 uentione
381 3296 416 3362 di
432 3295 563 3381 poueri,
582 3307 616 3363 et
633 3294 804 3380 hospitali,
823 3305 857 3360 et
875 3297 960 3361 altre
977 3316 1081 3381 opere
1097 3295 1152 3380 pie
1176 3298 1241 3362 che
1265 3295 1300 3360 in
1313 3305 1437 3378 queste

203 3414 315 3478 bande
330 3413 360 3478 si
377 3433 497 3492 usan0‚
515 3424 549 3477 et
566 3411 601 3476 in
617 3412 730 3495 quelle
744 3413 943 3478 haueranno
959 3411 1074 3490 luoco,
1089 3411 1188 3477 siano
1200 3409 1401 3489 introdotte‚
1415 3431 1436 3474 o

202 3549 285 3594 uero
302 3528 451 3613 riparate
467 3527 625 3613 septima
641 3526 671 3592 ci
689 3547 805 3593 erano.

270 3646 308 3709 ln
326 3643 405 3709 tutti
413 3643 436 3707 li
450 3642 596 3729 predetti
610 3641 712 3708 officii
724 3642 758 3708 di
772 3643 914 3723 charita,
930 3654 966 3711 et
978 3641 1054 3708 altri
1067 3643 1134 3708 che
1150 3641 1309 3727 sogliono
1324 3662 1437 3708 esser-

202 3759 309 3827 citare
324 3761 355 3825 le
377 3779 521 3845 persone
541 3759 630 3824 della
659 3758 873 3844 Compagnia
901 3780 962 3843 per
988 3757 1083 3825 aiuto
1111 3758 1200 3824 delle
1217 3757 1342 3836 anime,
1360 3778 1437 3842 pro·

203 3876 288 3942 ceda
304 3874 452 3941 secondo
468 3875 490 3938 l’
514 3873 674 3941 instituto
695 3886 813 3942 nostro
834 3896 937 3944 senza
958 3885 1130 3940 accettare
1145 3873 1275 3959 premio
1295 3873 1433 3953 alcuno,

257 4082 270 4122 b
309 4081 497 4135 Praecedens
508 4082 652 4150 periodus
666 4081 699 4134 iu
717 4075 1043 4152 murgiue'reperitur,
1059 4097 1155 4134 uranu
1170 4081 1208 4135 P.
1224 4080 1354 4134 Polauci
1367 4096 1437 4133 exa·

202 4173 284 4223 ruia.
305 4169 393 4238 Quae
412 4170 532 4224 uncinis
549 4170 717 4225 clausimus
735 4169 951 4224 desiderantur
969 4170 1002 4222 in
1021 4187 1089 4233 ms„
1105 4170 1232 4240 eoquod
1248 4169 1362 4223 absciso
1379 4168 1437 4222 ali·

202 4259 386 4330 qriuutuium
405 4264 447 4315 est
466 4261 583 4315 charta.
604 4260 699 4314 Prius
714 4261 829 4329 scripta
840 4258 911 4330 fuit
922 4259 995 4314 hoec
1003 4260 1159 4330 periodus,
1173 4275 1265 4328 quum
1284 4257 1437 4312 Polancus

199 4347 385 4403 obliteravit:
399 4347 430 4403 S’
444 4347 541 4404 alcuni
555 4350 604 4404 nel
617 4365 688 4403 cuor
701 4365 755 4402 suo
771 4347 921 4416 catholici,
936 4365 990 4418 pur
1007 4349 1078 4402 nell’
1093 4346 1235 4402 esteriore
1250 4346 1276 4401 si
1292 4345 1435 4418 diportas·

201 4436 266 4490 sino
278 4452 363 4490 come
381 4436 505 4492 heretici
518 4453 535 4490 o
549 4436 729 4492 schismatici
743 4454 795 4508 per
808 4436 935 4508 rispetto
948 4435 1094 4490 mundano
1105 4435 1185 4490 della
1197 4435 1310 4506 reginis
1324 4451 1358 4488 se
1375 4433 1435 4487 fus

201 4541 268 4579 sero
282 4525 431 4596 (maxime)
448 4543 574 4598 persone
584 4525 613 4580 di
624 4525 746 4598 qualitit,
757 4525 782 4580 si
797 4523 958 4580 doueriauo
971 4524 1101 4580 animare
1115 4541 1132 4579 a
1146 4523 1315 4579 confessare
1330 4530 1362 4577 et
1374 4537 1433 4576 mo·

200 4623 277 4670 strar
289 4614 516 4670 esteriormente
530 4617 557 4670 la
570 4614 637 4670 fede
650 4614 804 4669 catholica:
819 4623 849 4668 et
867 4615 984 4669 almeno
1001 4629 1059 4668 non
1076 4612 1191 4668 saccino
1208 4611 1435 4668 esteriormente

199 4719 270 4758 cose
283 4703 313 4758 di
327 4705 462 4777 heretici,
476 4714 507 4760 et
520 4704 735 4777 priuatamente
749 4704 857 4760 uiuano
870 4703 907 4758 da
919 4704 1067 4759 catholici.
