3625 5400
453 500 509 555 ὥσ
831 496 1039 559 Monstrum
1057 494 1237 553 teramus

420 655 539 721 datum
555 650 723 738 optimum
740 661 774 720 et
787 670 890 718 omne
906 650 1034 715 donum
1050 647 1239 735 perfectum
1251 648 1278 727 ⁸,
1291 645 1347 713 cui
1358 655 1395 714 et
1405 667 1467 714 vos
1479 655 1569 712 totos
1580 646 1641 712 de«

418 767 563 836 vovistis
577 778 613 836 et
628 766 727 834 cuius
746 763 973 836 beneficentia
996 763 1087 830 hanc
1106 762 1215 850 ipsam
1235 761 1450 830 vocationem
1471 773 1506 832 et
1524 773 1637 829 sancta

418 882 587 956 desideria
602 883 737 950 arrham
759 879 876 966 utique
897 900 967 946 non
987 878 1165 965 vulgarem
1186 875 1377 964 accepistis.
1399 878 1469 947 Sed
1488 888 1524 945 et
1547 876 1644 943 vobis,

416 1001 500 1089 ipsis
515 998 695 1088 perutilem
712 993 1001 1063 cohabitationem
1019 993 1094 1061 fore
1108 990 1278 1075 existimo,
1298 1002 1336 1061 ut
1350 994 1456 1063 frater
1474 995 1612 1061 fratrem
1626 1005 1637 1033 ⁰

418 1116 606 1203 collapsum
621 1112 744 1200 erigat,
763 1115 944 1179 nutantem
960 1108 1091 1189 fulciat,
1105 1107 1299 1195 segniorem
1315 1108 1468 1177 stimulet
1482 1110 1588 1177 verbo
1603 1129 1639 1175 ac

417 1232 633 1319 exemplum
641 1229 791 1308 demum,
801 1225 947 1315 gratiam
959 1234 1135 1313 acceptam
1147 1223 1183 1292 in
1191 1224 1396 1292 alterutrum
1407 1223 1644 1292 administren--

419 1360 473 1417 tes
487 1349 513 1428 ⁸,
532 1347 575 1414 ad
595 1365 719 1413 novam
741 1324 978 1429 accipiendam·
995 1362 1015 1408 a
1035 1351 1132 1427 patre
1151 1339 1320 1408 luminum
1339 1362 1402 1407 vos
1421 1340 1644 1428 praeparetis,

418 1484 497 1531 cum
511 1452 797 1548 quotiescumque
811 1458 881 1523 duo
896 1457 952 1525 vel
969 1466 1038 1525 tres
1053 1454 1288 1524 consenserint
1308 1458 1321 1493 ⁸
1336 1455 1450 1541 aliqua
1470 1456 1505 1522 in
1525 1479 1564 1525 re
1584 1477 1639 1543 pe·

419 1578 533 1658 tenda,
551 1566 788 1645 exauditurum
804 1592 842 1640 se
856 1570 985 1638 veritas
1000 1570 1044 1637 sit
1058 1568 1221 1657 pollicita.
1323 1554 1328 1561 ’

486 1693 585 1762 Sicut
605 1700 721 1757 autem
740 1688 860 1775 prob0‚
882 1687 975 1773 quod
995 1688 1162 1755 hactenus
1177 1685 1380 1773 delegeretis
1398 1688 1443 1753 ad
1463 1688 1530 1754 hoc
1554 1687 1641 1754 vitae

419 1808 626 1888 institutum,
650 1803 700 1871 sic
720 1803 822 1871 etiam
843 1803 984 1883 suadeo,
1008 1811 1047 1867 ut
1065 1800 1287 1888 imposterum
1304 1801 1476 1870 delectum
1497 1804 1643 1869 eundem

418 1922 584 2005 habeatis3
603 1940 672 1989 non
689 1917 780 1985 enim
797 1918 919 1987 vellem
936 1915 1020 1983 illud
1035 1937 1100 1983 nos
1115 1938 1216 2003 posse
1231 1938 1314 1987 vere
1332 1918 1457 1987 dicere:
1480 1918 1641 2006 multipli-

419 2040 503 2108 casti
519 2047 673 2125 gentem,
690 2034 751 2102 sed
768 2054 836 2100 non
853 2030 1082 2119 magnificasti
1095 2030 1260 2099 laetitiam
1275 2034 1288 2067 ⁸
1305 2033 1359 2100 vel
1372 2032 1550 2103 virtutem.
1572 2035 1642 2102 Cu-

419 2166 493 2225 rate
507 2175 605 2243 ergo,
623 2163 661 2219 ut
674 2172 751 2231 eos,
769 2170 856 2235 quos
871 2145 1084 2232 acceperitis,
1102 2148 1318 2217 commendet
1327 2148 1479 2234 probitas
1493 2149 1598 2231 vitae;
1611 2161 1644 2217 et

419 2272 449 2338 si
463 2290 583 2339 omnes
598 2265 723 2335 eruditi
739 2285 809 2331 non
825 2262 907 2346 sint,
924 2272 1018 2331 certe
1034 2272 1073 2327 ut
1087 2262 1133 2329 ad
1146 2261 1347 2329 discendum
1363 2264 1434 2351 apti
1453 2263 1597 2351 ingenio
1610 2278 1643 2333 et

419 2388 596 2455 voluntate
607 2381 711 2450 animi
724 2379 804 2459 sint,
819 2389 854 2447 et
865 2378 901 2444 in
913 2377 1031 2463 primis
1046 2387 1085 2443 ut
1095 2377 1248 2464 corporis
1259 2359 1455 2447 valetudiue
1467 2381 1644 2447 commoda

418 2506 462 2571 ad
477 2502 624 2581 laboreS,
643 2518 729 2583 quos
745 2493 852 2580 exigit
868 2494 961 2560 vitae
975 2502 1116 2560 nostrae
1131 2492 1230 2573 ratio,
1249 2504 1400 2562 utantur.
1420 2493 1650 2563 Valetudina·

419 2618 488 2686 rius
503 2616 594 2683 enim
609 2624 643 2681 et
659 2610 801 2691 debiles,
819 2619 857 2674 ut
874 2608 990 2677 fovere
1005 2618 1040 2675 et
1054 2605 1174 2674 iuvare
1188 2618 1288 2677 extra
1302 2607 1509 2678 Societatem
1525 2630 1643 2677 sumus

418 2728 634 2822 paratissimi,
653 2729 700 2794 ita
715 2746 931 2811 nequaquam
950 2723 987 2789 in
1007 2719 1217 2794 Societatem
1237 2724 1418 2795 admittere
1437 2724 1506 2792 nos
1520 2726 1644 2793 debere

418 2847 651 2935 experimento
664 2838 906 2927 comperimus
915 2839 1041 2926 quippe
1053 2838 1296 2925 impedimerito
1307 2839 1422 2926 potius
1432 2862 1535 2926 quam
1545 2842 1645 2909 adiu-

419 2973 537 3033 mento
553 2963 687 3027 futuros
703 2957 746 3024 ad
761 2958 830 3023 hoc
846 2953 940 3021 vitae
955 2953 1164 3036 institutum,
1181 2957 1274 3040 quod
1289 2956 1333 3021 ad
1347 2955 1414 3025 Dei
1430 2959 1597 3026 honorem
1611 2967 1645 3024 et

418 3078 608 3148 animarum
623 3074 768 3142 salutem
784 3069 1011 3158 suscepimus.

485 3193 589 3281 Quod
616 3187 763 3260 censetis
790 3187 951 3253 idoneum
978 3186 1064 3266 fore,
1087 3195 1126 3251 ut
1153 3185 1251 3254 vobis
1277 3186 1404 3273 praesit
1424 3185 1452 3270 d,
1472 3189 1645 3276 Jacobum

357 3373 360 3377 .
418 3309 620 3384 Lhoostium
636 3307 680 3374 de
699 3301 880 3382 Geldonia,
903 3311 940 3370 et
959 3323 1027 3388 ego
1046 3323 1131 3370 sane
1149 3300 1241 3369 idem
1260 3323 1398 3370 censeo.
1421 3305 1572 3372 Laborat
1590 3303 1647 3370 ille

418 3424 556 3512 quidem
571 3423 606 3490 in
622 3419 739 3491 Sicilia
756 3422 767 3453 ⁷
784 3417 819 3484 in
834 3438 921 3504 agro
937 3416 1088 3500 Domini,
1105 3417 1166 3484 sed
1178 3418 1340 3484 daturum
1352 3440 1406 3486 me
1421 3441 1558 3508 operam
1571 3420 1647 3506 pol-

472 3654 486 3684 c
523 3646 556 3694 vt
569 3636 690 3692 fratrem
701 3631 792 3688 frater
805 3631 860 3686 alt.
876 3647 922 3686 ex.
959 3632 1011 3673 -d
1030 3607 1117 3687 vobis
1129 3630 1290 3703 prosituit.
1303 3648 1350 3688 ex.

473 3829 485 3860 ³
506 3812 595 3896 ¹Jnc.
611 3823 693 3890 1,17.
1086 3819 1099 3850 ⁴
1135 3815 1336 3889 IPrrrn.,IV,
1353 3829 1397 3874 ro.

473 3919 485 3952 ⁸
521 3915 650 3969 Marrrr.
665 3907 776 3977 XVIII,
792 3918 836 3976 19.
1087 3907 1099 3941 ⁸
1134 3907 1208 3963 Isar.
1222 3907 1276 3978 IX,
1288 3905 1317 3962 3.

471 4011 482 4042 ¹
520 4003 629 4059 Missus
643 3999 771 4071 Jacobus
785 3995 841 4050 tuit
854 3995 884 4051 in
897 3993 1038 4063 Siciliam,
1050 3994 1221 4050 missionem
1234 3996 1414 4068 efflagitante
1426 3995 1581 4070 Rodulpho
1595 3998 1651 4053 Pio

418 4096 457 4154 de
470 4093 569 4165 Carpi,
582 4087 833 4162 agrigentinorum
851 4083 994 4154 antistite3
1012 4083 1051 4137 de
1067 4100 1125 4155 qua
1141 4101 1173 4139 re
1190 4083 1326 4143 videatur
1342 4086 1449 4156 Ignatii
1464 4086 1592 4158 epistola
1610 4087 1648 4142 ad

419 4183 571 4243 Canisium
589 4193 605 4234 2
622 4175 704 4250 Junii
723 4173 801 4244 1546:
821 4173 1013 4243 «Magistrum
1030 4173 1176 4242 Jacobum
1192 4173 1284 4230 Lhost
1295 4193 1313 4229 a
1330 4174 1495 4231 Gheldonia
1512 4175 1647 4232 misimus

417 4283 484 4348 post
497 4267 648 4327 Paschalia
661 4264 857 4335 Agrigentum
871 4261 900 4316 in
914 4260 1075 4329 Siciliamv3
1086 4261 1166 4333 prius
1178 4270 1259 4318 certe
1269 4281 1356 4336 quam
1366 4265 1495 4335 Joannes
1505 4264 1542 4320 de
1550 4265 1647 4336 Vega,

417 4363 537 4419 Siciliae
550 4374 665 4433 prorex,
680 4355 806 4410 insuam
820 4349 1002 4423 provinciam
1015 4349 1119 4418 adiret,
1133 4358 1244 4406 etcum
1257 4369 1294 4407 eo
1307 4352 1440 4409 Societas
1454 4353 1514 4410 illic
1531 4353 1647 4410 radices

417 4444 723 4525 ageret.-Expetitus
736 4459 753 4497 a
765 4439 854 4497 sociis
867 4437 1088 4494 lovaniensibus
1101 4438 1135 4493 P.
1149 4439 1298 4509 Lhostius,
1311 4450 1344 4499 ut
1353 4441 1425 4514 ipsis
1435 4453 1596 4516 praeesset,
1607 4447 1647 4500 ab

342 4563 345 4570 ·
417 4541 534 4612 lguatio
546 4537 665 4610 quidem
679 4540 726 4589 est
738 4546 815 4586 anno
830 4540 897 4598 1547
912 4528 1035 4581 Romam
1048 4545 1086 4582 ex
1100 4527 1200 4584 Sicilia
1213 4547 1315 4586 mense
1329 4532 1465 4602 Augusto
1476 4543 1648 4602 revocatus,

418 4638 469 4686 «ut
482 4629 550 4685 inde
563 4623 724 4681 Lovaniurn
739 4617 1002 4691 proficisceretur».
1023 4616 1205 4688 POIANCIIS,
1222 4618 1346 4685 Cicron„
1365 4621 1390 4690 l,
1407 4620 1470 4676 238.
1489 4622 1648 4678 Profectus

418 4735 490 4774 vero
502 4732 579 4772 anno
594 4711 675 4782 1548,
687 4708 836 4765 Bononiae
850 4712 1003 4777 correptus
1018 4707 1119 4761 morbo
1132 4705 1259 4763 animam
1271 4708 1382 4765 efflavit
1399 4708 1434 4764 30
1448 4710 1640 4767 Novembris.
