3625 5400
547 1194 860 1292 npassnmx
899 1192 1094 1279 aaran
1138 1141 1142 1154 ’

765 1378 859 1391 -ι-ι*

711 1667 942 1735 ADDENDA

281 2025 367 2109 Pag.
392 2042 462 2110 109.
646 2037 832 2096 DOMINAE
850 2036 1004 2093 MARIAE

567 2174 714 2219 vannus
735 2174 747 2216 1
770 2166 951 2218 novmars
972 2160 1041 2232 1536
1061 2167 1082 2219 ¹.

193 2290 388 2363 ¹Superiores
401 2306 421 2343 α
432 2302 462 2343 ta
479 2289 569 2343 datas
584 2288 705 2343 litteras
723 2286 865 2360 Ignatius
882 2288 1289 2344 commorat-ornatum
1302 2270 1391 2343 suurn
1409 2289 1442 2345 in
1516 2267 1518 2270 Ι

262 2380 349 2453 piam
363 2383 540 2435 matronam
554 2381 692 2445 testatur,
706 2394 780 2433 acce
797 2377 868 2433 bene
880 2378 983 2433 valere
995 2378 1080 2436 dicit.
1089 2379 1253 2433 -Fabrum
1267 2379 1388 2451 ejusque
1400 2396 1444 2435 so

266 2468 337 2537 cios,
351 2468 485 2523 Parisiis
505 2468 642 2523 Venerius
654 2468 850 2531 adventuros,
864 2468 931 2523 vult
943 2468 994 2523 itti
1006 2470 1238 2525 commendatos.

775 2594 883 2661 Iesus,

282 2730 331 2796 La
347 2729 462 2815 gracia
478 2751 501 2814 y
516 2718 611 2796 arno'r
626 2730 670 2797 de
686 2727 751 2795 X.·⁰
766 2739 908 2795 nuestro
923 2739 1029 2796 senor
1039 2751 1099 2797 sea
1114 2729 1261 2816 siempre
1278 2753 1321 2798 en
1340 2753 1446 2800 nues-

216 2857 270 2912 tro
287 2846 382 2912 favor
395 2853 418 2930 y
433 2867 477 2913 en
494 2855 636 2912 nuestra
651 2845 776 2928 ayuda.

284 2963 371 3029 Otra
386 2983 426 3026 os
442 2971 549 3048 tengo
565 2959 690 3027 escrito
705 2969 803 3027 antes
818 2960 916 3026 desta
932 2981 954 3045 y
970 2965 1007 3028 sc
1022 2981 1090 3044 que
1106 2961 1137 3026 la
1154 2959 1249 3027 avcis
1264 2961 1446 3048 rescibido,

220 3121 418 3132 .....-.-—---

273 3205 280 3236 ¹
320 3203 404 3256 Hanc
417 3199 571 3271 epistolam
585 3199 766 3254 desumimus
784 3215 821 3254 ex
839 3197 1105 3269 ephemeride‚·cui
1128 3200 1242 3256 titulus:
1262 3201 1450 3258 ‹rsemanario

213 3291 347 3349 literario
362 3289 515 3359 ilustrado,
529 3289 595 3343 Atto
607 3289 661 3356 111,
676 3291 757 3342 mim.
774 3286 835 3357 143,
854 3291 922 3360 pag.
939 3287 1003 3358 484.
1023 3288 1139 3344 Maxico
1156 3302 1187 3344 21
1207 3289 1246 3344 de
1263 3289 1450 3363 Septiembre

215 3383 252 3436 de
279 3379 376 3448 1903o,
400 3379 451 3434 ubi
473 3387 545 3446 arte,
572 3387 605 3432 ut
624 3376 717 3448 ajunt,
736 3377 926 3450 phototypica
943 3377 1023 3432 edita
1037 3376 1094 3432 fuit
1106 3385 1179 3448 tota,
1194 3387 1311 3450 praeter
1329 3380 1393 3452 ejus
1408 3381 1450 3435 in·

217 3469 419 3542 scriptionem,
432 3484 508 3540 quae
517 3458 600 3538 'typis
619 3473 733 3520 tantum
751 3482 860 3520 excusa
878 3475 935 3521 est.
953 3465 995 3523 Ut
1012 3483 1084 3521 vero
1098 3466 1195 3539 aliqua
1207 3467 1294 3540 hujus
1307 3468 1450 3541 epistolae

213 3559 319 3615 notitia
333 3559 502 3626 haberetur,
512 3557 587 3610 hanc
600 3553 727 3610 editores
741 3555 961 3610 annotationem
974 3566 1217 3626 praeposuerunt:

270 3648 351 3704 «Con
365 3646 476 3718 grande
490 3649 614 3716 empeito
627 3662 648 3714 y
660 3643 817 3698 cuidadosa
831 3643 979 3713 atencion,
991 3645 1036 3699 los
1048 3644 1124 3715 hijos
1137 3645 1185 3700 dei
1197 3662 1271 3716 gran
1289 3645 1350 3702 San
1367 3648 1450 3718 Igna·

211 3740 262 3792 cio
275 3739 333 3792 han
346 3733 552 3791 coleccionado
564 3751 585 3806 y
598 3732 754 3805 publicatio
767 3733 851 3788 todos
866 3734 910 3787 los
923 3731 1047 3788 escritos
1059 3732 1097 3788 de
1111 3751 1146 3788 su
1164 3733 1268 3789 ilustra
1287 3734 1387 3807 padre.
1408 3737 1449 3792 Mi

217 3831 314 3882 buena
327 3833 426 3880 suerte
440 3822 514 3894 trajo
527 3826 544 3877 a
558 3822 614 3877 mis
628 3839 729 3876 manos
743 3823 770 3875 ia
783 3831 934 3895 cartaque
947 3840 985 3876 en
998 3821 1119 3892 adjunto
1132 3822 1277 3878 sacsimile
1287 3841 1320 3879 se
1333 3827 1450 3897 publica

215 3933 237 3988 y
250 3931 308 3988 que
320 3928 358 3968 no
371 3911 465 3984 figura
478 3930 515 3966 en
531 3913 557 3966 ia
569 3910 762 3982 cotnpiiacion
776 3911 901 3966 aludida.
918 3908 1186 3981 Originariamente
1199 3929 1233 3967 se
1245 3915 1317 3969 sabe
1326 3914 1450 3969 haberse

217 4002 399 4058 conservado
413 4019 451 4056 en
464 4003 492 4056 el
506 3999 630 4071 Coiegio
643 3999 680 4054 de
694 3998 753 4053 San
767 3997 925 4054 Francisco
938 3999 1058 4071 Xavier‚
1072 3999 1110 4053 de
1127 4001 1304 4070 Querctaro,
1322 4017 1343 4071 y
1359 4002 1451 4056 haber

219 4092 327 4164 pasado
340 4095 355 4146 t
369 4091 507 4146 ‹iistintas
521 4105 635 4158 manos,
648 4088 694 4144 sin
708 4089 829 4144 saberse
842 4105 878 4144 su
891 4097 975 4143 autor
988 4107 1008 4159 y
1021 4089 1189 4160 conteuido,
1204 4090 1289 4144 hasta
1304 4091 1348 4145 las
1365 4093 1450 4146 inias.

225 4207 228 4214 ·
272 4183 327 4236 Mis
340 4182 454 4251 amigos
469 4181 506 4234 D.
521 4181 592 4252 Josc
606 4180 696 4234 Maria
709 4177 746 4233 de
761 4177 880 4246 Agreda
893 4195 913 4247 y
926 4177 1093 4249 Sanchezy
1107 4180 1144 4233 D.
1164 4179 1235 4248 Jose
1252 4179 1374 4235 Toribio
1391 4180 1451 4235 Me-

217 4271 286 4330 dina
300 4288 346 4324 me
359 4270 417 4324 han
430 4267 566 4339 ayudado
578 4284 616 4322 en
630 4268 656 4321 ia
669 4265 863 4321 desciitacion
875 4265 1069 4338 paieografica
1082 4266 1119 4322 de
1132 4269 1190 4323 eila
1207 4285 1227 4339 y
1245 4285 1283 4324 en
1300 4270 1328 4324 la
1345 4269 1451 4324 identi·

218 4360 341 4415 ficacion
355 4359 392 4412 de
406 4360 433 4413 la
445 4357 539 4412 firma.
902 4375 905 4384 ¹

226 4471 230 4484 ¹
273 4451 351 4504 Elios
363 4464 462 4516 creen,
477 4463 561 4502 corno
574 4463 624 4518 yo,
637 4463 685 4501 ser
699 4462 738 4501 un
752 4445 905 4516 autografo
917 4444 966 4500 del
980 4445 1061 4501 Gran
1075 4447 1223 4503 Patriarca
1240 4446 1278 4502 de
1291 4448 1413 4520 Loyola.
1427 4482 1450 4490 -

219 4543 279 4598 DR.
295 4539 331 4594 N.
351 4538 469 4593 Lutittnr

272 4629 366 4684 Nobis
381 4645 462 4698 vero,
476 4643 548 4699 pace
561 4627 706 4682 clarorum
720 4622 859 4696 virorum,
871 4624 980 4698 quibus
989 4627 1028 4680 ob
1038 4624 1147 4680 editam
1158 4626 1312 4698 epistolam
1325 4629 1450 4698 gratiam

219 4721 380 4787 habemus,
399 4719 428 4772 si
443 4718 566 4772 verbum
589 4713 777 4786 «autograioo
801 4714 904 4770 stricto
926 4731 1016 4770 sensu
1035 4715 1211 4788 accipiatur,
1231 4716 1353 4773 minime
1371 4726 1451 4774 auto-
