3625 5400
422 452 476 510 702
800 426 1007 493 Mouuusurn
1025 434 1205 494 Iousmsss

456 594 504 661 La
520 590 630 678 gratia
645 589 680 655 di
692 588 936 678 Jesu-Christo
952 587 1080 675 Signor
1094 589 1221 656 Nostro
1236 611 1296 677 per
1318 591 1519 678 cognitione
1535 616 1627 661 vera

386 720 423 775 et
440 728 533 775 amor
548 728 612 774 suo
627 704 706 771 viva
721 726 855 791 sempre
871 703 965 790 negli
981 702 1076 769 cuori
1091 704 1210 772 nostri.
1230 708 1355 775 Amen.

425 864 442 883 a
457 824 524 890 Per
536 842 604 887 una
616 822 659 887 de
669 822 794 887 Vostra
805 818 966 906 Signoria
976 817 1268 887 Riverendisima¹
1281 822 1325 887 de
1335 840 1378 888 20
1387 823 1443 888 del
1454 834 1625 909 presente

388 942 433 1004 ho
449 936 560 1006 inteso
576 936 687 1021 quella
703 935 892 1003 servirsene
908 934 943 1000 in
959 934 1103 1019 qualche
1123 945 1219 1020 parte
1238 937 1282 1003 de
1302 936 1325 1000 l'
1349 958 1453 1023 opera
1466 939 1511 1004 de
1527 937 1624 1005 Hie-

388 1053 524 1120 ronimo
541 1052 667 1133 Otello;
687 1062 733 1131 et,
752 1072 814 1137 per
828 1051 861 1115 la
875 1048 1058 1117 devotione
1073 1058 1109 1115 et
1121 1049 1288 1118 desiderio
1299 1054 1363 1119 che
1376 1052 1559 1119 habbiamo
1570 1054 1623 1121 de

389 1169 530 1249 servire,
549 1169 605 1235 nel
622 1167 749 1253 Signor
764 1167 902 1245 Nostro,
921 1166 1046 1232 Vostra
1061 1164 1220 1251 Signoria
1241 1165 1520 1249 Riverendisima,
1539 1168 1572 1234 ci
1598 1171 1624 1236 ὀ

388 1295 480 1351 stato
497 1282 704 1371 gratissimo,
723 1292 757 1349 et
773 1285 848 1348 sara
864 1302 997 1367 sempre
1013 1283 1077 1347 che
1093 1300 1153 1366 per
1169 1280 1217 1345 lui
1237 1300 1335 1367 oper
1354 1284 1453 1349 alcun
1474 1284 1564 1350 altro
1583 1285 1622 1350 ci

388 1400 418 1467 si
435 1399 590 1468 offerisca
606 1396 765 1466 ocasione
780 1396 814 1462 di
831 1398 962 1483 poterlo
978 1396 1059 1461 sare.
1079 1399 1135 1463 Ma
1152 1407 1282 1481 quanto
1294 1421 1314 1465 a
1326 1397 1540 1481 Hieronimo,
1554 1422 1622 1486 per

389 1536 457 1581 non
476 1535 595 1611 sapere
612 1514 678 1579 che
695 1534 808 1599 pegno
825 1511 950 1578 habbia
962 1509 1101 1577 lasciato
1114 1511 1147 1577 in
1160 1510 1339 1591 Fiorenza,
1354 1516 1622 1581 remettendomi

389 1630 423 1696 al
439 1642 554 1697 nostro
571 1631 648 1697 Don
661 1630 801 1717 Jacomo
818 1626 955 1707 Lainez,
973 1628 1046 1693 solo
1062 1626 1136 1693 diro
1153 1628 1230 1707 che,
1248 1628 1282 1694 in
1299 1640 1428 1713 quanto
1449 1628 1477 1695 si
1497 1652 1618 1716 possa,

389 1742 502 1810 vorria
518 1746 642 1811 Vostra
658 1743 816 1827 Signoria
833 1740 1118 1810 Riverendissima
1139 1741 1221 1808 fossi
1241 1743 1465 1829 compiaciuta
1484 1756 1520 1811 et
1540 1766 1620 1812 ser-

389 1860 472 1928 vita.
486 1844 633 1945 'Quanto
650 1881 670 1924 a
686 1858 846 1927 mandare
863 1880 910 1923 un
926 1858 1012 1924 altro
1027 1856 1062 1922 di
1078 1861 1133 1925 eta
1145 1857 1203 1943 piu
1215 1868 1360 1938 matura,
1374 1880 1453 1925 cosa
1469 1862 1621 1929 sarebbe

392 1974 602 2061 giustissima
618 1972 773 2041 satisfare
789 1996 808 2039 a
825 1983 920 2039 tanto
935 1983 1033 2039 santa
1054 1973 1206 2053 volunta,
1230 1973 1390 2042 havendo
1410 1974 1434 2039 il
1455 1976 1556 2041 modo
1582 1977 1619 2041 di

391 2100 487 2177 poter
503 2091 598 2171 farlo;
618 2090 717 2174 quale
733 2111 796 2175 pur
808 2109 877 2153 non
891 2087 978 2155 vedo
990 2108 1050 2173 per
1061 2088 1194 2170 adesso
1209 2089 1354 2156 essendo
1365 2088 1423 2155 noi
1436 2090 1570 2158 astretti
1582 2091 1619 2157 di

391 2206 441 2272 far
457 2205 649 2292 provisione
664 2206 707 2271 de
723 2204 826 2270 molte
842 2224 987 2289 persone
1003 2224 1062 2288 per
1078 2203 1162 2268 varii
1178 2202 1296 2289 luoghi
1313 2203 1348 2270 in
1360 2216 1482 2289 questo
1496 2208 1619 2273 mede·

389 2321 477 2387 simo
499 2332 624 2407 tempo.
652 2321 729 2387 Alta
750 2319 906 2405 giornata
925 2317 1036 2404 potria
1055 2317 1198 2385 offerirsi
1218 2318 1353 2405 miglior
1373 2320 1554 2404 comodita3
1582 2334 1621 2417 et

390 2456 490 2523 spero
507 2436 562 2503 nel
579 2435 705 2521 Signor
720 2436 846 2501 Nostro
862 2456 930 2499 non
946 2433 978 2499 ci
999 2432 1139 2499 lasciara
1162 2436 1344 2500 manchare
1362 2435 1398 2500 di
1419 2437 1481 2502 far’
1499 2438 1620 2521 quello

392 2563 546 2637 potremo
563 2550 598 2617 in
614 2550 752 2617 servitio
768 2550 802 2615 di
819 2551 889 2618 Sua
905 2548 1031 2617 Divina
1047 2551 1188 2616 Maesta.

458 2669 491 2734 A
506 2668 539 2734 la
555 2668 655 2753 quale
671 2668 803 2754 pregho
819 2687 953 2753 sempre
968 2664 1123 2735 conservi
1140 2675 1174 2735 et
1190 2666 1362 2736 accreschi
1378 2668 1427 2756 gli
1438 2668 1519 2735 doni
1534 2691 1619 2737 san-

392 2782 512 2850 tissimi
528 2784 570 2850 de
586 2784 618 2848 la
634 2781 743 2868 gratia
759 2782 848 2849 nella
864 2781 1026 2868 Signoria
1043 2783 1168 2848 Vostra
1188 2781 1486 2864 Riverendissima,
1504 2795 1541 2852 et
1556 2807 1621 2872 per

392 2920 509 2966 mezzo
524 2897 558 2963 di
575 2899 686 2981 quella
703 2897 738 2963 in
754 2907 843 2963 tutto
859 2896 882 2962 il
899 2907 1055 2964 comesso
1069 2919 1189 2984 grege.
1208 2899 1244 2964 10
1260 2900 1371 2966 anche
1390 2921 1455 2965 con
1471 2909 1563 2966 tutta
1585 2902 1621 2968 la

359 2997 369 3030 '
390 3036 472 3082 casa
487 3024 522 3082 et
539 3013 754 3099 Compagnia
770 3024 884 3079 nostra
903 3012 1128 3081 humilmente
1143 3012 1189 3078 mi
1211 3015 1415 3082 racomando
1431 3015 1521 3083 nelle
1537 3038 1618 3082 ora-

392 3128 477 3196 tioni
493 3128 527 3195 di
541 3129 665 3195 Vostra
677 3127 836 3214 Signon'a
848 3126 1146 3207 Riverendissima,
1162 3137 1196 3193 et
1209 3127 1451 3214 specialmente
1461 3129 1620 3200 desidera

390 3245 427 3310 in
443 3244 554 3330 quelle
570 3263 683 3310 essere
698 3242 938 3310 racomandato
954 3245 1103 3309 Maestro
1118 3241 1252 3310 Gioane
1267 3243 1311 3312 de
1328 3245 1489 3324 Polanco,
1507 3246 1576 3314 che
1599 3248 1621 3313 ἑ

395 3370 485 3426 tutto
500 3359 544 3426 de
560 3361 685 3426 Vostra
702 3357 861 3444 Signoria
874 3356 1172 3426 Riverendissima.

460 3475 504 3542 Di
521 3476 628 3541 Roma
645 3473 687 3539 28
704 3474 748 3542 de
763 3473 902 3540 Genaro
924 3473 1028 3557 154&

459 3588 504 3657 Di
520 3591 644 3656 Vostra
661 3587 819 3674 Signoria
836 3587 1028 3654 humillimo
1044 3611 1143 3658 servo
1161 3591 1218 3656 nel
1234 3588 1381 3745 Signore
1395 3593 1536 3675 Nostro,

626 3717 631 3724 ·
1290 3699 1440 3750 cunno.

462 3821 655 3906 Inscriptio.
670 3765 764 3908 Jtis.
785 3819 830 3886 Al
846 3819 950 3884 molto
967 3820 1167 3888 Reverendo
1183 3819 1219 3886 in
1230 3823 1475 3909 jesu-Christo
1492 3821 1623 3910 Signor

392 3935 532 4014 Nostro
552 3934 755 4020 Monsignor
771 3933 793 4000 il
810 3935 967 4000 Vescovo
983 3934 1017 3999 di
1035 3934 1175 4014 Pistoia,
1195 3935 1322 4022 Signor
1342 3936 1411 4003 mio
1427 3937 1463 4004 in
1479 3938 1620 4006 Christo

392 4049 706 4128 osservandissimo‚
726 4046 760 4114 in
779 4047 907 4114 Pistoia
923 4071 944 4114 o
962 4050 1075 4114 prato.

395 4201 428 4256 P.
443 4201 579 4256 Polunco.
593 4197 738 4256 Colocado
751 4215 787 4252 en
801 4198 937 4252 hermoso
954 4196 1061 4252 cuadro
1078 4198 1107 4252 le
1124 4199 1224 4270 poseia
1235 4201 1252 4254 t
1264 4199 1339 4256 fines
1351 4201 1399 4256 del
1417 4201 1493 4274 siglo
1510 4203 1620 4276 psssdo

392 4288 539 4360 [intellige
552 4289 701 4342 saeculum
716 4285 841 4356 xv111]el
860 4285 954 4340 Senot
971 4285 1126 4341 Coriolano
1143 4287 1354 4360 Montemagni‚
1370 4289 1461 4362 quien
1476 4291 1619 4365 tranqueo

393 4378 479 4449 copia
492 4377 651 4448 legalizada
670 4379 696 4431 al
715 4377 747 4430 P.
768 4377 869 4448 Roque
889 4375 1074 4430 Menchscan
1094 4377 1160 4430 Hoc
1176 4384 1391 4450 transumptum
1408 4380 1542 4438 invenire
1559 4399 1619 4438 non

395 4465 554 4538 potuimus.
575 4465 676 4521 Exstat
689 4481 790 4536 apogr.
805 4463 958 4534 hispanum
972 4465 1002 4519 in
1014 4466 1077 4518 cod.
1093 4465 1264 4530 Menelaum,
1279 4467 1332 4522 lib.
1344 4469 1378 4536 Π,
1393 4485 1440 4541 ep.
1455 4483 1501 4538 25.

367 4615 370 4622 ,
449 4553 459 4584 ’
498 4555 656 4626 Episcopus
669 4551 851 4624 pistoriensis
864 4561 927 4605 erat
940 4552 1111 4607 Franciscus
1125 4553 1303 4624 Galigarius,
1317 4556 1355 4612 de
1365 4575 1424 4630 quo
1438 4557 1506 4614 vide
1519 4577 1619 4633 supra,

394 4641 482 4714 epist.
500 4657 558 4714 150,
574 4661 640 4715 pag.
655 4655 718 4711 454,
733 4651 764 4696 et
775 4643 862 4714 epist.
879 4653 888 4694 ι
894 4642 938 4712 56,
953 4659 1020 4714 pag.
1034 4641 1101 4711 473.
