3625 5400
766 457 974 516 Mortuum
993 459 1174 516 lenimur

935 633 998 724 185
1048 716 1052 727 .

668 769 827 839 annul
865 773 1105 842 cannino
1140 775 1265 864 JAJO

692 909 781 957 anun
799 909 942 953 manure
961 907 1110 954 nonusro
1132 909 1201 968 1547
1220 898 1245 953 ¹.

353 1007 468 1064 Probat
479 1007 623 1085 ignatius
635 1013 670 1066 ut
675 1011 735 1083 Jaj
737 1029 771 1066 us
783 1029 843 1068 sese
857 1011 1038 1068 Ferrariam
1048 1013 1196 1086 conserat,
1209 1015 1331 1085 operam
1341 1013 1473 1069 daturus
1477 1013 1588 1086 ferra-

528 1099 623 1155 riensi
634 1101 788 1172 dynastae,
802 1102 839 1156 de
851 1101 998 1156 urtiversa
1012 1101 1158 1158 Societate
1171 1101 1282 1175 optime
1292 1103 1413 1158 merito.

963 1225 980 1280 ἰ

939 1283 1007 1350 ihs·

423 1423 474 1490 La
489 1422 601 1509 gratia
616 1433 651 1491 et
663 1445 778 1492 amore
791 1434 911 1492 eterno
926 1425 970 1491 de
977 1427 1062 1512 Jesri
1075 1425 1139 1492 X.⁰
1152 1423 1291 1512 signore
1303 1403 1421 1490 nostro
1432 1421 1483 1490 sia
1495 1441 1589 1490 senr-

359 1558 420 1624 pre
435 1537 470 1603 in
488 1549 608 1604 nostro
624 1537 789 1605 continuo
807 1539 940 1626 agiutto
956 1553 992 1605 et
1010 1541 1140 1608 fauore.

427 1656 493 1720 Per
508 1654 541 1720 le
556 1664 671 1720 vostre
686 1655 730 1720 de
746 1655 854 1740 primo
870 1665 905 1721 et
922 1653 974 1722 2.⁰
990 1655 1045 1723 del
1066 1663 1224 1740 presente
1239 1655 1285 1720 ho
1305 1653 1415 1720 inteso
1436 1673 1535 1722 come
1560 1653 1586 1718 il

357 1769 459 1837 Rmo.
476 1768 646 1837 cardinale
661 1768 695 1835 di
712 1770 819 1838 Santa
834 1769 857 1857 †
873 1770 907 1834 vi
923 1759 1138 1856 prometteua
1153 1768 1291 1836 licentia
1302 1768 1336 1835 di
1349 1770 1455 1836 ander
1468 1791 1488 1834 a
1499 1769 1586 1836 Fer-

358 1900 438 1949 rara
452 1904 550 1950 come
564 1883 696 1952 havesti
712 1885 807 1951 detto
822 1884 845 1949 il
862 1895 943 1950 voto
958 1896 971 1924 ³
987 1895 1103 1952 vostro
1119 1886 1162 1953 de
1177 1883 1337 1950 sacrifitio
1353 1883 1489 1952 missae.
1503 1885 1588 1950 Non

359 2019 400 2066 so
415 2017 452 2065 se
467 2009 588 2083 questa
603 2000 639 2065 vi
654 2000 823 2086 giugnerzi
844 2001 879 2067 in
902 2002 1072 2088 Bologna,
1089 2023 1110 2067 o
1125 2021 1207 2066 vero
1223 1999 1258 2066 in
1278 2001 1433 2080 Ferrara,
1457 1999 1589 2086 perche

360 2115 510 2182 dandoui
525 2115 663 2184 licentia
678 2117 709 2182 el
730 2117 823 2182 Rmo.
842 2115 877 2181 di
893 2117 1001 2184 Senta
1022 2116 1056 2205 †‚
1079 2137 1148 2183 non
1169 2117 1271 2184 credo
1291 2117 1454 2183 hauerete
1471 2123 1589 2200 aspet-

361 2239 435 2296 tato
451 2231 484 2297 la
499 2230 612 2300 littera
623 2231 679 2299 del
691 2230 759 2297 mio
774 2251 955 2311 consenso
970 2233 1070 2317 quale
1084 2231 1116 2297 vi
1133 2231 1267 2298 mandai
1279 2234 1385 2317 perho
1399 2231 1454 2298 nel
1471 2237 1590 2316 tempo

359 2345 563 2413 medessimo
574 2348 641 2414 che
653 2345 775 2414 scrisse
786 2345 810 2411 il
823 2349 921 2417 Rmo.
936 2347 979 2414 de
991 2347 1130 2414 Fernesi
1146 2348 1178 2413 al
1191 2345 1364 2413 cardinale
1375 2345 1410 2410 di
1423 2346 1531 2413 Sania
1549 2345 1588 2432 †,

361 2471 397 2528 et
412 2461 534 2528 adesso
549 2461 583 2526 vi
598 2463 761 2529 mandato
778 2483 824 2528 vn
839 2462 926 2530 altra
943 2461 1052 2548 copia.

430 2577 474 2641 Et
489 2575 525 2641 in
540 2577 647 2643 veriti
662 2577 686 2642 il
700 2577 770 2644 mio
786 2598 955 2646 consenso
971 2597 1041 2644 non
1057 2575 1272 2646 &solamente
1284 2577 1476 2644 volontario
1489 2577 1512 2643 il
1524 2579 1591 2645 ha·-

366 2712 426 2760 uer
445 2691 548 2759 charo
575 2694 641 2762 che
660 2693 696 2759 in
716 2707 837 2778 questa
857 2693 1015 2781 giomata
1035 2716 1097 2762 sua
1118 2692 1316 2763 eccellentia
1337 2695 1349 2727 ¹
1373 2693 1402 2761 si
1424 2716 1525 2763 serua
1546 2696 1592 2764 de

365 2808 433 2889 voi,
453 2830 509 2874 ma
524 2809 669 2877 sarebbe
685 2809 881 2877 desideroso
896 2810 998 2878 etiam
1015 2811 1081 2877 che
1097 2820 1185 2877 tutta
1200 2811 1233 2878 la
1254 2810 1468 2897 Compagnia
1485 2808 1592 2877 insic-

365 2944 421 2991 me
436 2923 620 3009 potessimo
635 2926 692 2990 nel
708 2924 987 3011 Signoremostro
1003 2924 1198 3011 adoperarci
1214 2926 1270 2992 nel
1285 2924 1427 2994 seruitio
1440 2924 1474 2991 di
1490 2926 1592 3010 quel·

364 3040 409 3119 la,
433 3042 559 3126 perche
578 3039 625 3106 mi
643 3062 726 3128 pare
745 3040 920 3108 debriamo
940 3040 1092 3107 abraciar
1112 3040 1422 3111 desiderosamente
1446 3038 1468 3106 l'
1489 3060 1592 3107 occa-

363 3154 461 3223 sione
480 3156 524 3224 de
544 3155 701 3225 satislare
721 3154 757 3223 in
777 3157 921 3242 qualche
941 3167 1038 3243 parte
1059 3156 1124 3223 alla
1143 3156 1248 3223 molta
1267 3155 1502 3243 obbligatione
1527 3158 1595 3225 che

372 3314 584 3325 --—-—--

418 3412 433 3439 ⁸
471 3396 686 3465 Emendatum;
695 3399 785 3469 prius
797 3396 964 3470 legebatur:
978 3396 998 3452 il
1013 3412 1128 3469 parere3
1144 3360 1223 3451 nunc
1236 3394 1366 3469 legitur:
1379 3396 1399 3451 il
1413 3396 1485 3451 voti.

367 3611 507 3666 schedula
520 3612 610 3666 missa
621 3610 688 3667 fuit.
702 3609 790 3682 Quod
803 3610 829 3665 si
842 3611 883 3665 ita
896 3618 953 3680 est,
967 3616 1048 3683 patet
1061 3609 1139 3666 illam
1152 3624 1210 3666 non
1224 3610 1308 3666 modo
1321 3618 1387 3683 post
1398 3612 1532 3680 elapsum
1544 3611 1596 3681 Ju-

367 3701 460 3771 uium‚
474 3700 516 3755 uti
530 3700 572 3755 ibi
584 3699 721 3770 diximus,
734 3700 874 3771 scriptam
891 3698 994 3769 inisse,
1013 3697 1066 3754 sed
1087 3698 1267 3771 probabilius
1290 3707 1417 3754 exeunte
1441 3697 1521 3771 Julio
1543 3702 1596 3755 aut

368 3789 490 3845 ineunte
512 3790 659 3860 Augusto.
682 3788 771 3845 Certo
792 3796 891 3843 tamen
914 3786 944 3843 id
962 3788 1106 3843 affirmare
1123 3782 1182 3843 non
1198 3787 1349 3843 audemus:
1369 3786 1515 3843 indicasse
1533 3786 1597 3843 sui-

366 3876 459 3933 ficiat.

423 3970 431 4001 ¹
469 3968 514 4021 Ex
538 3964 714 4021 adversariis
738 3964 927 4037 autographis
950 3964 982 4021 P.
1007 3964 1124 4021 Polanci
1146 3964 1177 4020 in
1197 3942 1260 4021 cori.
1288 3964 1400 4029 Vitell„
1424 3964 1511 4021 unico
1531 3964 1596 4037 iol„

367 4068 398 4111 n.
415 4056 475 4125 1²8,
489 4054 570 4127 prius
582 4054 648 4125 458.
666 4056 698 4110 in
716 4054 818 4110 eodem
836 4054 948 4131 codice,
967 4072 997 4110 n.
1018 4056 1078 4127 126,
1097 4054 1293 4125 fragmentum
1312 4054 1390 4109 illius
1410 4056 1539 4111 habetur
1558 4070 1597 4111 ex

368 4146 479 4201 Bartoli
491 4145 688 4217 desumptum,
703 4145 787 4215 cujus
800 4144 965 4199 versionem
978 4144 1133 4203 dederunt:
1148 4145 1342 4212 MENCHACA,
1356 4144 1408 4199 lib.
1424 4144 1463 4217 11,
1474 4161 1504 4200 n.
1526 4141 1597 4213 XX3

372 4233 493 4301 Cottas,
507 4252 537 4289 n.
551 4232 659 4291 cxv1.

422 4322 434 4355 ¹
470 4325 614 4379 Hercules
626 4321 664 4378 de
677 4324 759 4392 Este,
771 4322 830 4379 dun
843 4322 1281 4395 petrariae.-cf.1²ormcos‚
1295 4322 1420 4388 Chrom,
1430 4318 1455 4393 1,
1466 4324 1595 4395 224426,

366 4414 421 4487 qui
437 4422 572 4470 accurate
592 4414 770 4486 uberiusque
787 4429 849 4469 rem
866 4414 1005 4486 explicat.
1026 4414 1073 4468 Ab
1091 4426 1127 4468 eo
1143 4412 1284 4468 discimus
1306 4412 1479 4485 pervenisse
1500 4408 1599 4483 Jajum

326 4499 331 4510 “
370 4504 549 4558 «Ferrariam
561 4503 610 4558 die
622 4502 724 4559 Sancti
738 4503 906 4559 Laurentii»
921 4502 940 4557 i.
960 4522 987 4559 e.
1010 4516 1042 4558 ιο
1060 4502 1199 4575 Augusti,
1217 4519 1275 4575 quo
1293 4510 1425 4573 tempore
1446 4498 1597 4555 Bononiae

368 4590 528 4647 concilium
537 4592 598 4664 jam
611 4594 751 4663 languere
765 4592 795 4647 in
808 4602 959 4665 comperto
978 4601 1024 4649 eet
1045 4590 1122 4665 apud
1139 4606 1251 4648 omues.
1271 4593 1425 4663 Asinum,
1443 4588 1598 4654 Historia,

371 4685 395 4733 t.
410 4676 435 4748 1,
447 4680 500 4735 lib.
514 4680 552 4751 ΙΙ,
565 4696 630 4753 cap.
647 4684 689 4755 16,
705 4696 738 4738 n.
758 4693 802 4737 ιο.
