3625 5400
1532 8 1538 11 -
1561 6 1668 14 -ι----Ἰ

1786 361 1787 374 1

321 611 325 617 ’
386 632 468 677 cum
484 608 887 678 discrimine'oftenslonis
903 610 957 677 sui
972 613 1028 679 vel
1043 610 1197 692 aliorum,
1216 614 1349 681 tructus
1365 630 1623 697 prosequeren-

387 738 459 794 tur.
476 726 564 793 Cum
580 726 714 793 delectu
731 746 814 813 ergo
829 736 864 794 et
877 725 979 793 binos
998 726 1182 794 mittendos
1198 725 1346 793 curabis.
1365 727 1408 792 Et
1423 727 1490 791 hoc
1509 723 1625 789 moris

386 863 465 913 esse
480 841 634 927 intellige
650 844 690 908 P.
709 840 855 929 Ignati0,
873 852 911 907 vt
930 863 990 910 eos
1006 863 1027 908 a
1041 863 1079 909 se
1094 863 1164 908 non
1179 841 1340 921 dimittat,
1358 847 1445 926 quos
1460 839 1620 907 imbecil-

389 956 489 1023 liores
509 955 622 1039 nouit3
641 956 765 1041 quibus
785 968 900 1025 autern
921 956 1032 1043 magis
1046 957 1134 1037 fidit,
1155 978 1215 1024 eos
1234 955 1375 1023 liberius
1398 975 1619 1040 quocumque

387 1071 504 1151 mittit,
524 1071 638 1153 idest,
657 1091 802 1156 quorum
818 1082 871 1141 est
889 1072 922 1140 ei
942 1070 1052 1158 magis
1066 1072 1242 1159 explorata
1261 1069 1404 1137 firmitas
1419 1082 1454 1138 et
1469 1069 1618 1156 integri·

384 1198 451 1253 tae.
471 1189 567 1253 Haec
583 1198 718 1274 ergoet
739 1190 813 1255 Deo
834 1188 948 1275 magis
965 1186 1133 1275 placitura
1148 1189 1238 1274 (curn
1258 1186 1333 1254 eius
1356 1184 1520 1271 sapientia
1538 1183 1618 1249 vni-

255 1334 260 1345 ·
323 1294 327 1301 “
389 1302 521 1370 uersale
540 1304 668 1369 bonum
688 1303 802 1389 potius
829 1305 954 1371 habeat
979 1325 1082 1388 quam
1103 1302 1323 1389 particulare)
1343 1312 1378 1368 et
1397 1299 1619 1368 serenissimo

388 1418 461 1505 regi
479 1418 709 1504 Portugaliae,
732 1429 767 1487 et
788 1420 832 1486 ad
858 1410 1048 1486 animarum
1067 1418 1319 1504 societatisque
1346 1428 1482 1485 nostrae
1497 1414 1616 1501 prole-

299 1500 303 1520 ,
388 1545 484 1599 ctum
500 1532 663 1602 maiorem
681 1535 794 1601 futura
814 1533 1023 1615 existimans
1052 1533 1191 1601 omnino
1214 1533 1275 1599 tibi
1296 1531 1511 1599 obseruanda
1533 1550 1616 1596 esse

389 1648 497 1715 ducit.
517 1650 560 1715 Et
575 1651 663 1717 haec
680 1649 776 1718 satis

456 1766 510 1832 De
525 1764 600 1831 aliis
615 1765 706 1831 enirn
722 1765 801 1833 alibi
815 1766 1060 1852 scriptumest.
1075 1766 1162 1834 Vale
1177 1764 1213 1830 in
1228 1764 1388 1832 Domine.

456 1881 585 1949 Romae
600 1880 731 1948 decimo
747 1882 909 1950 kalendas
925 1881 1126 1951 Decembris
1145 1897 1241 1965 1547.
1260 1894 1265 1902 '

455 1997 486 2061 A
504 2002 613 2085 tergo.
632 1998 700 2065 An.
724 2013 818 2080 1547.
836 1999 890 2064 De
911 2007 1016 2089 tratar
1031 2018 1096 2064 con
1113 2018 1286 2084 mugereS,
1305 2019 1344 2082 yr
1364 1994 1456 2061 solos
1476 2016 1497 2077 y
1519 1993 1614 2057 fruto

388 2131 527 2197 segusa.

425 460 479 528 652
801 458 1008 515 Moenusnm
1026 460 1205 517 16161661

964 2258 1040 2339 232
1495 2322 1498 2327 -

510 2387 664 2454 PATER
681 2387 982 2483 JOANNESDE
1005 2389 1231 2459 POLANCO
1254 2393 1316 2458 EX
1340 2392 1492 2461 COMM.

671 2517 809 2574 PATRI
833 2519 1051 2577 ANDREAE
1074 2522 1132 2577 DE
1155 2520 1331 2581 OVIEDO

764 2648 852 2691 noun
871 2650 905 2706 24
924 2649 1105 2693 uovnusms
1126 2651 1194 2709 1547
1213 2640 1233 2694 ¹.

390 2759 521 2813 Litterae
539 2759 694 2814 Francisei
711 2761 846 2833 Bargiae
863 2761 1087 2829 desiderantur,
1101 2765 1208 2836 quibros
1221 2768 1279 2837 pro
1298 2764 1443 2820 Sooietate
1453 2763 1529 2834 Jesu
1547 2763 1615 2819 ube·

439 2847 536 2902 riores
545 2849 669 2920 gratiae
676 2847 901 2922 facultatesque
913 2869 933 2905 o
941 2851 1084 2925 pontifice
1097 2854 1231 2908 maximo
1242 2852 1565 2926 immerentem-Item
1580 2857 1615 2907 ut

436 2935 577 3008 princeps
599 2935 779 3007 Hispaniae,
803 2939 978 3012 Philippus,
998 2946 1173 2996 mendorum
1194 2943 1376 3012 reipuplicae
1397 2943 1431 2997 in
1457 2942 1616 2997 Sooietato's

440 3026 728 3082 commendationem
739 3027 860 3088 scribat,

454 3151 535 3217 Esta
566 3172 603 3220 es
633 3153 705 3219 sdlo
735 3174 817 3238 para
846 3153 940 3222 decir
972 3161 1072 3222 como
1101 3161 1163 3222 act
1192 3161 1352 3243 parecia,
1378 3166 1512 3222 attento
1542 3175 1614 3239 que

290 3299 293 3308 ‚
388 3263 472 3332 Dios
487 3267 526 3333 N.
546 3267 583 3336 S.
602 3289 639 3335 se
654 3265 746 3336 sirve
760 3290 783 3352 y
799 3280 890 3336 toma
905 3291 967 3356 por
981 3271 1209 3339 instrumento
1224 3293 1305 3358 para
1317 3271 1437 3339 aiudar
1448 3272 1498 3338 las
1513 3291 1614 3338 cosas
1633 3337 1637 3340 ,

388 3381 431 3446 de
445 3381 478 3447 la
494 3381 696 3467 Campania,
714 3405 737 3468 y
752 3404 793 3450 su
809 3394 907 3452 santo
928 3385 1071 3453 servicio
1091 3408 1136 3455 en
1155 3387 1249 3469 ellas,
1271 3389 1305 3454 al
1323 3395 1428 3455 senor
1447 3388 1563 3471 doque
1582 3387 1611 3465 ²,

389 3517 456 3580 que
471 3501 560 3563 serta
574 3495 654 3566 bien
670 3519 737 3582 que
749 3500 792 3566 V.
807 3500 849 3567 R.
863 3501 1080 3587 propusiesse
1091 3508 1113 3569 t
1126 3503 1163 3572 8.
1177 3503 1265 3572 8116.
1280 3525 1348 3570 vna
1358 3503 1471 3588 ayuda
1481 3502 1614 3588 grande

389 3629 457 3694 que
476 3611 599 3695 podria
618 3613 721 3679 hazer
740 3614 783 3681 de
803 3627 974 3701 presente,
997 3637 1063 3683 con
1089 3620 1240 3704 emplear
1266 3639 1354 3705 poco
1380 3624 1454 3686 mas
1480 3639 1547 3703 que
1568 3639 1612 3683 su

386 3725 609 3792 aucthoridad
628 3749 651 3812 y
671 3728 784 3809 favor,
805 3731 849 3797 de
868 3731 901 3796 16
921 3733 1000 3816 qual
1019 3753 1212 3819 esperamos
1231 3741 1356 3801 nacera
1381 3735 1508 3800 mucho
1530 3731 1612 3800 bien

388 3859 471 3923 para
487 3839 537 3906 las
552 3861 655 3916 cosas¹
666 3843 709 3908 de
724 3843 757 3909 la
772 3844 972 3932 Campania,
989 3869 1013 3932 y
1028 3855 1163 3917 crecera
1178 3849 1210 3916 la
1230 3847 1422 3936 obligacidn
1443 3869 1510 3933 que
1532 3846 1614 3913 toda

297 4005 302 4015 .
385 3953 453 4020 6116
471 3977 514 4023 en
530 3956 562 4022 61
578 3957 688 4026 861161
704 3970 843 4028 nuestro
859 3961 950 4031 tiene
965 3969 986 4030 a
1004 3965 1040 4033 8.
1057 3966 1144 4034 8116.
1168 3989 1191 4052 y
1211 3967 1331 4034 tendrt
1349 3987 1431 4051 para
1450 3965 1609 4050 siempre.

454 4071 503 4138 La
523 4073 636 4164 ayuda
654 4093 691 4140 es
713 4076 897 4173 demandar
916 4079 1062 4163 algunas
1082 4080 1227 4168 gracias,
1250 4087 1271 4148 6
1290 4104 1358 4166 que
1377 4082 1421 4150 de
1440 4102 1553 4150 nuevo
1572 4101 1613 4147 se

383 4185 572 4268 concedan,
590 4193 611 4253 6
627 4209 695 4273 que
711 4211 747 4258 sc
768 4191 933 4279 alarguen
949 4199 1023 4262 mas
1042 4196 1085 4262 de
1103 4196 1137 4263 lo
1156 4218 1223 4282 que
1246 4203 1342 4266 estan
1365 4196 1543 4282 alargadas
1565 4217 1610 4262 en

385 4301 437 4366 los
453 4301 574 4369 breves
589 4325 612 4389 y
628 4305 820 4392 bullasque
836 4309 936 4376 hasta
951 4315 1029 4396 aqut
1046 4321 1212 4393 tenemos,
1231 4333 1328 4380 como
1344 4317 1442 4380 seria:
1456 4313 1559 4379 hazer
1573 4332 1612 4376 se

392 4431 600 4443 -v-—n———n-

439 4487 446 4516 ¹
485 4486 529 4540 Ex
541 4487 643 4544 codice
656 4491 737 4546 Hist.
747 4497 837 4565 prov.
852 4495 964 4569 Arag„
977 4497 1030 4552 lib.
1043 4497 1084 4569 11,
1097 4515 1161 4571 cap.
1175 4514 1220 4555 22.
1235 4500 1278 4556 lbi
1296 4500 1436 4556 asseritur
1452 4515 1469 4554 6
1486 4499 1615 4554 Polanoo

384 4589 423 4626 ex
436 4575 643 4633 commissione
656 4579 689 4634 P.
705 4579 742 4636 N.
757 4581 866 4652 Ignatii
878 4585 1017 4656 scriptam
1029 4585 1290 4666 fuisse.7·Cartos,
1305 4607 1335 4645 n.
1349 4588 1471 4644 CXXX.

440 4665 451 4696 ¹
489 4663 662 4722 anciscus
675 4669 792 4740 Borgia.
