3625 5400
537 469 641 526 Erret.
664 468 974 524 roo-Dscnrrmnrs
992 479 1082 524 111110
1102 479 1170 537 1545
1377 466 1429 537 335

238 647 276 691 as
290 623 424 712 gracias
440 645 522 710 para
543 622 701 691 absoluer
716 623 760 691 de
772 642 870 688 casos
893 621 1095 689 reseruados
1111 621 1299 708 ypredicar
1311 633 1379 693 etc.
1397 644 1463 692 con

239 743 288 807 las
309 789 760 804 ..........
778 738 885 804 habre
906 757 1005 804 cerca
1024 737 1069 806 de
1094 738 1157 804 dos
1183 747 1281 820 artos,
1305 760 1329 825 y
1356 740 1394 809 S.
1423 740 1461 809 S.

146 929 149 934 ,
236 856 336 924 viuae
352 855 446 924 vocis
462 855 601 923 oraculo
621 875 684 922 nos
703 852 867 922 concedid
888 871 956 937 que
975 852 1007 919 el
1027 851 1181 938 superior
1201 874 1269 939 que
1289 860 1364 923 eso
1384 861 1462 924 sera

238 972 334 1040 desta
354 972 544 1058 Compallia
564 971 675 1057 pueda
701 969 826 1036 111111
854 968 939 1036 tales
966 966 1099 1054 gracias
1126 974 1146 1034 1
1172 967 1375 1055 quinquiera
1395 991 1461 1056 que

239 1091 332 1156 luere
348 1088 392 1157 de
412 1088 444 1154 la
465 1087 667 1173 Compailia,
690 1083 863 1153 otuviere
886 1093 969 1150 voto
995 1083 1039 1150 de
1054 1083 1201 1169 pobreza
1228 1107 1251 1171 y
1270 1085 1461 1172 castidady

240 1311 288 1365 tis.
313 1311 469 1365 Vetustate
485 1317 515 1364 11
527 1315 690 1364 atramento
711 1305 820 1362 detrita
842 1314 873 1360 et
895 1319 1011 1360 corrosa
1032 1306 1143 1377 charta,
1165 1307 1257 1361 multa
1278 1318 1463 1365 evanuerunt

239 1400 340 1469 verba,
354 1399 402 1454 vel
415 1397 475 1470 legi
492 1396 611 1454 omnino
629 1413 688 1451 non
705 1401 837 1468 possunt.
853 1395 899 1450 De
918 1394 973 1448 hac
994 1393 1118 1464 epistola
1140 1393 1241 1466 quaeri
1262 1404 1361 1468 potest
1369 1397 1417 1453 cui
1431 1407 1477 1474 et,

241 1487 357 1560 quando
370 1486 438 1543 data
451 1486 499 1544 sit.
511 1487 610 1559 Atque
623 1484 660 1540 11
673 1500 827 1557 personam
843 1481 922 1556 quod
939 1481 1056 1553 attinet,
1071 1482 1150 1538 Patri
1165 1483 1260 1539 Fabro
1273 1485 1382 1558 scripta
1394 1503 1461 1542 esse

239 1577 324 1633 nobis
337 1575 457 1651 quidem
479 1575 606 1632 videtur.
630 1573 747 1629 Etenim
770 1589 835 1628 eam
858 1571 971 1643 legenti
982 1571 1069 1627 facile
1086 1573 1200 1644 patebit
1212 1571 1359 1645 Ignatium
1372 1592 1462 1646 agere

236 1683 303 1722 curn
316 1667 412 1738 aliquo
424 1665 574 1722 11111111
587 1663 688 1736 primis
701 1662 799 1730 sociis,
812 1659 904 1735 quiin
917 1660 1071 1717 condenda
1087 1660 1238 1718 Societate
1261 1663 1304 1720 llli
1322 1663 1462 1721 adhaese·

238 1764 316 1824 runt,
329 1755 379 1828 qui
391 1755 456 1811 aliis
469 1762 532 1810 erat
540 1751 741 1826 gubernandis
755 1749 844 1807 sociis
857 1750 1051 1823 praepositus,
1066 1751 1117 1824 qui
1129 1750 1257 1830 denique
1275 1753 1407 1809 intimam
1417 1773 1461 1810 re-

238 1862 301 1899 rum
316 1844 473 1899 Societatis
486 1843 517 1899 in
530 1841 677 1914 Hispania
692 1858 728 1896 ac
742 1839 922 1910 Portugallia
939 1839 1088 1895 stabilitae
1110 1839 1309 1910 cognitionem
1322 1845 1459 1898 habebat.

237 1935 322 2003 Quae
335 1931 443 2002 omnia,
457 1931 543 1988 simui
556 1932 774 2003 comprehensa,
790 1929 862 1984 nulli
876 1927 998 2000 perinde
1010 1945 1045 1984 ac
1058 1928 1153 1984 Fabro
1162 1930 1352 2003 conveniunt,
1368 1933 1461 2005 primo

237 2038 273 2076 ex
286 2019 394 2093 Ignatii
403 2019 501 2090 sociis,
511 2019 594 2093 quiq
606 2018 704 2075 Martii
719 2031 787 2088 1545
800 2034 837 2073 ex
855 2016 1036 2088 Portugallia
1048 2016 1081 2072 in
1093 2017 1265 2090 Hispaniam
1279 2037 1347 2077 cum
1365 2023 1463 2078 venis·

237 2119 283 2166 set
296 2110 338 2180 (id
351 2119 408 2181 est,
422 2109 526 2166 eodem
538 2125 626 2181 anno,
636 2125 695 2181 quo
708 2107 816 2178 scripta
826 2107 899 2162 haec
911 2105 968 2161 fuit
980 2106 1125 2179 epistola),
1138 2107 1283 2164 sociorum
1296 2109 1460 2182 hispanien-
1479 2142 1484 2152 ·

238 2201 313 2255 sium
323 2217 422 2255 curam
434 2201 567 2272 gerebat.
586 2199 625 2254 Et
637 2214 719 2267 sane,
732 2212 808 2268 quae
823 2194 853 2250 in
866 2194 912 2250 his
929 2193 1037 2250 litteris
1050 2193 1197 2265 dicuntur,
1218 2197 1333 2254 etiamsi
1346 2199 1412 2271 quis
1426 2199 1461 2253 ad

238 2290 335 2360 plures
349 2287 468 2344 extendi
481 2304 515 2343 ac
527 2286 586 2343 dici
598 2284 737 2356 voluerit,
750 2301 809 2340 non
822 2282 878 2340 nisi
888 2284 983 2339 tribus
992 2283 1082 2339 scribi
1095 2284 1227 2356 potuisse
1239 2285 1390 2343 fatebitur:
1410 2289 1462 2342 Fa·

238 2380 299 2445 bro,
310 2377 465 2434 Rodericio
482 2384 533 2432 1111
551 2375 686 2432 Araozio.
706 2374 746 2429 At
762 2387 833 2429 vero
849 2373 1005 2446 quominus
1023 2372 1179 2429 Rodericio
1192 2373 1261 2431 data
1274 2375 1315 2432 sit
1327 2378 1462 2450 epistola,

237 2467 319 2538 plura
330 2466 360 2522 in
373 2483 409 2521 11
420 2473 559 2522 10111111
577 2466 706 2535 obstant,
725 2481 754 2518 v.
767 2479 813 2533 gr.
834 2479 910 2534 quae
931 2460 969 2517 de
982 2461 1142 2534 Hispaniae
1154 2463 1244 2520 rebus
1261 2461 1409 2536 dicuntur,
1429 2483 1463 2521 11

236 2555 392 2628 praecipue
404 2555 442 2611 de
454 2553 626 2627 cooptandis
638 2554 669 2609 in
682 2553 861 2608 Societatem
871 2550 939 2607 filiis
950 2567 1061 2620 eorum,
1080 2551 1130 2624 qui
1144 2551 1180 2607 ad
1198 2551 1350 2609 Christum
1368 2572 1463 2628 nuper

236 2644 373 2701 conversi
384 2642 509 2717 fuerant3
523 2643 561 2699 de
572 2659 630 2718 qua
643 2659 674 2698 re
688 2642 718 2698 11
731 2640 872 2714 Hispania
880 2639 1000 2715 quidem
1012 2639 1146 2713 quaestio
1156 2643 1341 2714 movebatur,
1360 2643 1390 2699 in
1404 2643 1463 2699 Lu·

237 2735 344 2790 sitania
355 2750 426 2791 vero
435 2736 516 2791 nulla
528 2742 600 2789 erat.
615 2732 717 2806 Itaque
727 2749 779 2805 pro
793 2730 949 2788 Rodericio
967 2731 1014 2786 his
1031 2732 1137 2801 Ignatii
1151 2732 1250 2788 verbis
1268 2750 1374 2790 sensus
1387 2734 1462 2789 inre

237 2824 383 2896 proposita
396 2824 493 2879 nullus
506 2823 628 2879 inesset:
643 2820 781 2876 ‹rl’odreis
794 2823 881 2876 hazer
895 2838 932 2875 11
945 2828 1011 2875 esto
1022 2836 1108 2875 como
1120 2836 1153 2875 os
1164 2825 1301 2893 parecera
1314 2827 1409 2894 segrin
1420 2826 1462 2879 las

236 2914 419 2967 costumbres
431 2910 469 2967 de
481 2910 608 2967 11111111
619 2929 640 2983 y
652 2910 807 2967 101111161
819 2916 889 2981 111.;
904 2925 962 2981 que
976 2910 1005 2964 lo
1017 2925 1075 2981 que
1092 2907 1257 2965 hizieredes
1270 2928 1291 2982 y
1307 2927 1392 2967 como
1404 2912 1463 2967 sin·

239 3001 797 3073 111111111111111]01,1111111011111111
815 2998 984 3055 tendremos
1002 3014 1053 3069 por
1070 2997 1169 3053 bien.»
1189 3000 1285 3071 Quae,
1303 3016 1356 3072 pro
1369 2996 1463 3056 Fabro

240 3100 269 3146 et
284 3090 418 3161 Araozio,
432 3089 539 3162 Ignatii
553 3098 681 3146 mentem
694 3090 724 3145 in
737 3090 792 3145 hoc
805 3088 926 3160 negotio
944 3088 1177 3160 exquirentibus,
1196 3106 1315 3145 sensum
1329 3091 1463 3162 plenissi-

241 3198 319 3237 mum
331 3178 512 3236 referebant.

288 3269 374 3325 Plura
384 3286 455 3325 sane
469 3268 593 3325 Araozio
606 3266 759 3342 quadrant3
774 3284 830 3323 nec
840 3267 957 3336 mirum,
968 3265 1204 3339 quandoquidem
1217 3266 1308 3323 ethic
1326 3285 1383 3323 una
1396 3284 1461 3323 cum

237 3358 330 3413 Fabro
343 3375 380 3413 111
391 3357 542 3413 Lusitania
555 3364 686 3429 venerat,
699 3365 730 3412 et
743 3356 834 3428 ipsius
848 3364 911 3411 erat
924 3354 1111 3412 consiliorum
1125 3355 1283 3428 particeps,
1298 3374 1332 3412 ac
1344 3356 1463 3413 demum

236 3446 356 3503 incuria
367 3445 507 3519 principis
520 3444 556 3502 ad
571 3452 687 3517 tempus
710 3444 797 3500 simul
820 3461 887 3499 curn
898 3462 935 3499 eo
949 3446 1131 3501 versabatur.
1147 3445 1287 3499 Attamen
1300 3445 1393 3516 prima
1403 3447 1464 3519 epi·

236 3535 328 3592 stolae
341 3533 478 3605 periodus
488 3534 525 3590 ad
535 3535 673 3607 Fabrum,
687 3536 785 3607 potius
798 3551 885 3607 quam
898 3532 936 3588 ad
949 3532 1117 3603 Araozium,
1129 3541 1262 3605 spectare
1276 3532 1403 3590 videtur.
1417 3536 1463 3590 lbi

237 3624 314 3681 enirn
324 3622 456 3695 Ignotius
470 3622 500 3679 11
511 3624 680 3679 memoriam
692 3632 821 3691 revocat,
834 3632 865 3679 et
878 3624 1005 3679 Fabrum
1015 3630 1117 3678 notare
1125 3622 1222 3693 jubet,
1236 3621 1339 3677 decem
1353 3622 1462 3693 primos

235 3714 393 3773 Societatis
406 3714 548 3769 sodalesa
562 3712 700 3785 pontifice
714 3711 800 3767 vivae
823 3712 905 3767 vocis
926 3712 1044 3767 oraculo
1066 3721 1216 3784 acceptam
1229 3710 1368 3767 habuisse
1381 3720 1462 3783 pote·

237 3813 343 3861 statem
357 3802 539 3873 absolvendi,
553 3810 623 3858 etc:
642 3800 749 3857 «noted
770 3800 897 3874 primero
918 3819 976 3874 que
995 3801 1038 3857 los
1061 3802 1088 3855 X
1101 3801 1177 3858 dela
1195 3801 1355 3875 Compailla
1373 3806 1452 3859 11111

238 3911 330 3963 mos»,
343 3893 596 3948 etc-Praeterea
613 3907 689 3963 quae
707 3890 737 3945 in
756 3890 856 3945 ultima
874 3889 1017 3961 epistolae
1035 3898 1117 3962 parte
1134 3892 1281 3947 habentur
1297 3908 1315 3946 a
1332 3890 1462 3964 periodo:

238 3983 451 4051 1191111111-
468 4010 497 4021 -
509 3980 590 4034 -ha
603 3995 692 4050 pocos
705 3977 769 4033 dias
781 3996 839 4051 que
854 3980 880 4033 le
899 3979 1020 4049 recibl»,
1035 3996 1128 4050 usque
1146 3978 1183 4034 ad
1200 3981 1312 4035 calcem
1330 3978 1462 4051 ejusdem

237 4070 390 4142 epistolae,
404 4070 446 4124 sic
460 4069 557 4125 omnia
570 4067 606 4123 ad
619 4069 642 4123 F
643 4069 744 4123 abrum
759 4066 860 4123 referri
871 4066 1016 4136 videntur,
1029 4075 1062 4122 ut
1072 4067 1153 4122 nullo
1164 4067 1249 4123 modo
1261 4070 1386 4124 Araozio
1395 4084 1462 4123 con·

239 4159 340 4215 venire
354 4158 476 4229 possint.
491 4158 598 4213 Nostra
612 4156 690 4211 enim
703 4156 851 4211 sententia
863 4156 912 4211 hic
922 4157 1019 4227 agitur
1030 4155 1069 4211 de
1079 4155 1185 4211 Pontio
1198 4156 1383 4228 Cogordauo,
1401 4158 1463 4229 qui,

239 4264 275 4302 ex
285 4246 463 4319 Portu'gallia
471 4244 627 4301 discedens
638 4245 730 4299 invito
740 4243 905 4315 Rodericio,
916 4244 952 4299 ad
962 4244 1109 4313 Ignatium
1120 4242 1265 4317 conlugit.
1276 4247 1352 4317 Jam,
1365 4262 1417 4318 pro
1428 4263 1463 4299 eo

239 4337 268 4391 11
281 4338 359 4391 hunc
372 4334 489 4390 modum
500 4334 532 4390 P.
547 4336 642 4389 Faber
655 4334 828 4389 Vallisoleto
843 4346 876 4402 14
890 4333 1001 4405 Aprilis
1013 4345 1081 4402 1545
1099 4332 1214 4403 ignatio
1231 4336 1390 4391 scribebat:
1411 4336 1462 4389 «El

237 4426 270 4479 P.
287 4424 396 4480 Poncio
408 4440 441 4479 se
454 4423 503 4479 lue
516 4425 572 4479 1111
589 4431 690 4479 101111
708 4425 736 4479 el
754 4438 889 4495 parescer
906 4440 927 4493 y
945 4421 1085 4478 voluutad
1107 4421 1144 4477 de
1158 4424 1197 4478 M.
1218 4423 1330 4492 Simdn;
1345 4440 1416 4495 pero
1429 4441 1464 4479 su

237 4514 387 4569 tentacidn
399 4514 437 4569 ha
449 4511 512 4567 sido
526 4521 575 4568 tan
589 4512 740 4585 probable,
754 4528 811 4583 que
825 4527 956 4566 meresce
978 4519 1080 4566 eutero
1093 4511 1203 4584 perdon
1221 4530 1242 4584 y
1258 4513 1463 4584 acogimiento.

239 4603 309 4657 Esto
324 4618 369 4657 me
383 4609 485 4657 atrevo
497 4603 514 4656 11
526 4599 607 4656 decir
619 4604 636 4656 11
649 4600 685 4654 V.
709 4600 746 4654 R.
761 4616 798 4654 11
811 4602 934 4656 nombre
952 4600 989 4655 de
1008 4600 1047 4655 M.
1067 4600 1180 4669 Simon,
1193 4601 1230 4657 de
1249 4602 1335 4658 modo
1352 4619 1409 4674 que
1427 4619 1465 4656 11

240 4689 438 4747 recibiendolo
449 4708 482 4747 11
492 4691 567 4761 haga
577 4696 683 4745 cuenta
694 4706 751 4763 que
762 4690 800 4743 M.
815 4689 917 4745 Simon
931 4692 959 4745 lo
971 4690 1008 4744 ha
1021 4690 1137 4761 rogado.
1153 4690 1195 4746 Su
1208 4692 1309 4747 vuelta
1321 4694 1386 4747 seri
1397 4708 1465 4747 con·
