3625 5400
539 496 642 551 Eersr.
662 497 874 554 ‹tn-Manno
895 494 1074 568 1541111110
1095 511 1163 568 ¹544
1376 515 1426 574 ²51

235 648 300 713 das
322 649 457 732 quedan
472 670 554 734 muy
569 649 762 716 edificadas.
781 651 837 735 Ay
853 653 998 718 muchas
1014 661 1106 717 otras
1121 671 1189 736 que
1212 654 1375 722 desearan
1401 676 1464 722 en-

238 773 325 843 trar;
350 783 423 829 mas
442 783 505 849 por
523 785 579 831 ser
597 765 630 830 el
649 764 751 851 lugar
771 785 930 850 pequeno
950 787 1074 852 speran
1095 787 1163 852 que
1182 768 1267 835 seha
1287 768 1463 856 alargado,

237 877 416 963 plaziendo
431 884 451 946 ἐ
467 891 608 946 nuestro
623 881 744 955 Senot.

303 995 340 1062 S.
363 995 399 1063 S.
423 996 469 1060 ha
490 994 658 1080 ampliado
678 995 710 1062 el
729 1000 873 1063 numero
892 997 936 1064 de
957 996 988 1064 la
1006 997 1207 1082 Compaflya
1227 1009 1366 1064 nuestra
1389 1010 1464 1066 esta

236 1131 387 1189 semana,
404 1129 485 1194 que,
503 1110 617 1176 donde
637 1122 734 1177 antes
749 1133 792 1178 en
808 1111 841 1176 la
861 1111 1061 1178 concession
1077 1113 1120 1180 de
1139 1112 1173 1179 la
1192 1111 1285 1178 bulla
1309 1135 1365 1180 era
1388 1135 1463 1181 res-

238 1224 389 1310 tringido
405 1226 437 1293 el
449 1231 591 1293 numero
602 1226 646 1292 de
658 1228 713 1306 60,
728 1248 808 1292 aura
820 1249 857 1294 es
869 1225 1139 1294 indeterminado
1151 1229 1176 1292 ⁸.
1196 1229 1352 1313 Despues
1368 1230 1404 1297 S.
1421 1230 1459 1298 S.

237 1343 282 1405 ha
297 1340 485 1408 concedido
500 1362 568 1425 que
583 1363 622 1408 se
636 1342 748 1427 pueda
763 1340 902 1427 expedit
924 1364 970 1408 un
992 1343 1096 1408 breue
1117 1363 1198 1428 para
1218 1343 1461 1429 confirmacion

237 1456 280 1521 de
292 1457 390 1522 todas
401 1457 453 1522 las
464 1456 610 1542 gracias,
620 1477 688 1540 que
699 1478 761 1542 por
771 1469 846 1523 otro
859 1457 985 1543 tiempo
997 1459 1076 1524 abia
1087 1458 1273 1524 concedido
1285 1464 1305 1524 1
1318 1460 1350 1524 la
1360 1459 1463 1526 Com·

237 1593 360 1656 panya,
375 1572 487 1637 dando
504 1571 702 1639 auctoridad
717 1573 750 1638 al
765 1572 933 1658 superior,
947 1595 1013 1657 que
1029 1574 1061 1640 el
1076 1574 1190 1659 pueda
1204 1574 1426 1642 concederlas
1442 1580 1463 1642 1

237 1687 289 1752 101
304 1707 371 1771 que
386 1688 419 1752 el
435 1686 612 1772 quissiere,
630 1687 682 1753 los
697 1688 814 1773 quales
830 1693 928 1755 esten
948 1687 1198 1755 determinados
1222 1689 1266 1756 de
1286 1700 1401 1756 entrar
1418 1711 1462 1756 en

236 1803 270 1866 la
285 1802 496 1888 Companya.
515 1802 692 1889 Expedido
708 1823 776 1887 que
790 1809 867 1870 sera
882 1805 913 1869 el
930 1805 1048 1882 breue,
1066 1825 1105 1870 os
1121 1805 1154 1870 lo
1165 1802 1395 1888 ymbiaremos
1407 1803 1462 1889 sin

235 1915 381 1984 dilacion
398 1940 445 2002 ny
460 1918 543 1984 faita
559 1919 700 2004 alguna.

302 2033 343 2097 El
356 2036 472 2116 Marco
484 2035 628 2120 passado
640 2035 652 2068 ⁹
666 2033 820 2100 vinieron
832 2045 901 2099 tres
914 2033 1109 2122 frances[es]
1122 2035 1165 2100 de
1178 2035 1287 2114 Paris
1299 2055 1463 2120 acompa-

291 2313 303 2343 ⁸
342 2299 521 2376 Focaneus,
537 2309 660 2374 chron„
674 2311 700 2380 1,
715 2323 776 2377 1103
790 2308 1009 2380 0111111111,
1024 2309 1073 2381 IV,
1089 2323 1116 2377 23
1130 2310 1361 2381 Rrennnnernn,
1382 2310 1459 2376 Vita,

238 2397 291 2453 lib.
304 2398 359 2466 111,
371 2415 436 2470 cap.
449 2412 478 2468 73
491 2400 641 2470 Beatum,
656 2398 748 2455 Delia
762 2398 825 2453 vita
838 2399 872 2453 di
885 2399 916 2454 S.
930 2399 1068 2472 Ignauia,
1083 2399 1135 2454 lib.
1149 2399 1186 2467 11,
1200 2415 1229 2453 11.
1243 2398 1288 2466 46:
1304 2398 1410 2454 «Paulo
1423 2397 1464 2454 111

238 2486 357 2541 Sommo
366 2486 517 2542 Pontefice
528 2485 623 2542 formo
635 2488 662 2541 la
671 2486 853 2559 Compagnia
862 2487 1029 2558 Religione,
1040 2505 1057 2542 e
1069 2503 1107 2542 ne
1120 2485 1249 2559 approvd
1262 2488 1282 2541 1’
1294 2486 1411 2541 Istitnto
1421 2488 1462 2542 e'l

237 2591 335 2646 nome,
347 2592 403 2631 con
422 2577 449 2630 la
463 2577 546 2630 Bolia
556 2577 713 2647 Regimim'
724 2572 889 2631 militantis
901 2576 1061 2640 Ecclesiae,
1076 2574 1190 2648 spedita
1204 2577 1231 2629 a’
1245 2587 1279 2644 27
1292 2575 1321 2630 di
1336 2575 1462 2630 Settem·

239 2664 291 2719 bre
303 2663 351 2720 del
366 2676 446 2735 1540.
456 2665 530 2721 Ben’
543 2665 560 2720 ὁ
574 2681 656 2736 vero,
669 2665 723 2721 che
736 2681 788 2737 per
800 2665 890 2721 allora
903 2663 997 2722 limito
1010 2665 1029 2721 il
1043 2681 1165 2721 numero
1176 2663 1225 2720 de'
1239 2663 1393 2721 Professia
1407 2664 1462 2723 soli

237 2762 382 2822 sessanta3
396 2771 443 2808 ma
455 2756 550 2809 cotale
563 2753 795 2825 ristringirnento
807 2753 946 2809 disciolse
959 2754 1018 2825 egli
1033 2753 1193 2809 medesimo
1211 2753 1271 2809 indi
1285 2772 1301 2809 a
1318 2754 1376 2811 dne
1394 2753 1462 2809 anni

238 2858 256 2896 e
274 2859 386 2913 mezzo,
405 2844 473 2915 coil'
491 2844 564 2898 eitra
585 2844 668 2897 Bolia
685 2842 861 2913 injunctum
879 2844 976 2909 nobis,
997 2850 1074 2897 sotto
1093 2842 1103 2897 i
1120 2842 1297 2915 quattordici
1314 2842 1344 2897 di
1364 2844 1463 2897 Marzo

236 2930 285 2985 del
306 2927 826 3001 15431101.[1111111111111180111111111
844 2932 921 2995 Iesu,
937 2940 958 2987 t.
975 2932 996 3003 1,
1010 2948 1092 3003 page.
1107 2943 1135 3001 5,
1148 2938 1180 3001 7.
1200 2932 1367 2987 Florentiae
1383 2930 1459 3001 1892.

290 3020 302 3052 ²
339 3020 422 3075 Nova
434 3021 507 3076 haec
519 3019 655 3091 periodus
668 3019 789 3075 alterius
802 3037 868 3075 esse
882 3020 1034 3092 epistolae,
1047 3028 1178 3091 ternpore
1191 3018 1308 3092 quidem
1320 3019 1461 3090 posterio-

237 3108 289 3179 ris,
302 3107 388 3163 nobis
399 3127 471 3164 sane
484 3109 611 3175 videtur3
624 3126 691 3163 nam
704 3110 748 3164 uti
760 3127 858 3181 supra,
875 3117 974 3165 annot.
992 3122 1016 3180 1,
1034 3108 1173 3183 diximus,
1191 3126 1238 3163 res
1256 3108 1463 3180 complectitur

237 3199 408 3269 posterioris
424 3198 573 3270 temporis,
594 3215 670 3270 quae
687 3197 796 3253 limites
813 3199 891 3253 illius
910 3198 1121 3267 hebdomadae,
1141 3196 1178 3253 ad
1199 3216 1285 3269 quam
1299 3213 1365 3269 pars
1384 3197 1463 3267 prior

238 3288 379 3358 epistolae
404 3287 543 3357 refertur,
566 3291 653 3358 longe
673 3287 974 3359 praetergrediuntur.
1006 3287 1161 3341 Praeterea
1186 3294 1304 3341 notetur
1327 3286 1390 3357 ipsa
1413 3302 1463 3339 ex·

237 3376 370 3431 ordiendi
383 3375 467 3430 ratio:
482 3376 539 3429 «nt
552 3376 656 3430 Marso
666 3376 797 3447 possode
808 3377 978 3431 oinieronnr
993 3374 1102 3445 Quaeri
1120 3374 1198 3429 enim
1217 3382 1316 3446 potest
1327 3375 1463 3447 quisnam

237 3465 276 3518 sit
288 3464 466 3537 praeteritus
480 3465 588 3520 mensis
601 3464 734 3532 Martius,
747 3480 805 3537 quo
818 3465 940 3519 Romam
954 3472 1013 3519 tres
1027 3463 1069 3519 illi
1081 3462 1227 3519 candidati
1242 3462 1360 3518 Parisiis
1374 3480 1462 3517 vene·

236 3564 318 3609 runt.
336 3554 414 3609 Num
427 3556 548 3609 Martius
560 3555 629 3609 anni
644 3553 723 3623 1543,
736 3570 772 3609 eo
785 3554 922 3609 nimirum
936 3571 1048 3622 mense,
1061 3569 1120 3626 quo
1133 3552 1311 3624 praecedens
1324 3550 1462 3623 periodus

237 3642 346 3714 scripta
358 3641 417 3699 est?
429 3644 545 3698 Etenim
558 3642 737 3715 praecedens
750 3642 887 3714 periodus
899 3642 1009 3715 scripta
1022 3652 1068 3699 est
1078 3641 1128 3697 illo
1139 3658 1250 3712 mense,
1262 3658 1319 3715 quo
1330 3640 1463 3713 pontifex

237 3731 395 3787 Societatis
408 3732 574 3787 institutum
587 3731 685 3787 denuo
697 3732 893 3800 confirmavit,
905 3732 1060 3803 eidemque
1070 3730 1191 3804 quosvis
1201 3729 1374 3785 admittendi
1385 3736 1464 3801 pote·

236 3830 344 3875 statem
354 3820 434 3875 fecit:
449 3820 479 3875 id
490 3838 560 3876 vero
570 3820 717 3892 praestitit
732 3834 764 3889 14
774 3821 872 3875 Martii
885 3818 963 3889 1543.
975 3819 1035 3876 Sed
1045 3830 1114 3875 tunc
1124 3836 1183 3874 non
1196 3818 1350 3874 debuisset
1362 3816 1464 3872 scribi:

238 3910 359 3972 «Mense
376 3911 480 3964 Martio
497 3910 656 3981 praeterito
673 3917 845 3978 veneruntn;
865 3908 918 3963 sed
937 3926 1057 3981 «nuper,
1075 3910 1130 3969 hoc
1149 3908 1212 3979 ipso
1233 3906 1337 3961 Martio
1351 3922 1463 3970 mense,

237 4008 434 4053 venerunt...»
448 4000 496 4054 An
509 3998 576 4054 ideo
588 3996 706 4070 scripsit
717 4000 763 4053 uel
775 3999 879 4053 Marso
888 4000 1020 4069 passado
1030 3999 1198 4061 vinierorrn,
1211 3996 1279 4069 quia
1297 3994 1464 4051 intermissa

237 4086 293 4143 tuit
306 4088 436 4159 scriptio,
455 4097 486 4143 et
502 4088 618 4160 quando
636 4088 741 4143 iterum
759 4087 908 4142 scribendi
926 4104 999 4141 onus
1016 4085 1190 4157 resumpsit,
1211 4086 1327 4155 elapsus
1345 4081 1463 4155 quidem

236 4176 359 4231 Martius
371 4176 481 4231 mensis
495 4179 556 4248 jam
573 4175 683 4232 fueret?
698 4176 758 4231 Sed
775 4193 856 4246 ecce,
870 4177 895 4230 si
907 4178 964 4231 hoc
976 4175 1100 4243 dicatur,
1118 4173 1148 4229 id
1157 4174 1219 4243 jam
1233 4173 1368 4241 habetur,
1387 4171 1464 4243 quod

236 4266 471 4336 intendebamus,
487 4283 593 4336 nempe
606 4266 682 4320 inter
693 4274 845 4337 utramque
853 4264 1018 4336 periodum,
1029 4264 1092 4317 sive
1103 4262 1244 4333 epistolae
1255 4268 1378 4333 partem,
1391 4268 1463 4314 tem·

235 4354 315 4427 poris
327 4354 514 4410 intervallum
524 4354 717 4421 intercedere,
732 4371 786 4408 sen
798 4352 876 4425 quod
889 4354 920 4408 in
934 4352 1011 4407 idem
1024 4350 1137 4424 recidit,
1152 4350 1190 4406 ad
1202 4350 1320 4405 diversa
1333 4358 1464 4422 tempora

235 4462 284 4499 res
296 4444 327 4499 iu
338 4444 463 4515 epistola
479 4452 633 4499 contentas
651 4452 796 4515 spectare.
814 4444 851 4498 Et
864 4442 983 4515 quidem
996 4440 1177 4497 Gulielmum
1190 4440 1364 4508 Postellum,
1379 4439 1464 4509 cujus

235 4531 336 4587 statim
347 4532 381 4587 fit
396 4534 514 4603 mentio,
530 4532 711 4587 Societatem
724 4546 800 4586 anno
815 4544 883 4601 1544
896 4530 988 4586 fuisse
1002 4530 1167 4600 ingressum
1181 4545 1293 4600 omnes,
1308 4527 1359 4600 qui
1378 4527 1416 4582 de
1429 4543 1466 4581 eo

235 4631 337 4694 agunt,
353 4639 412 4677 nno
425 4639 475 4677 ore
489 4629 644 4677 testentur.
659 4621 757 4687 Pau,
771 4620 1084 4686 Memoires‚1oc.cit.;
1097 4618 1279 4688 POLANCUS,
1299 4616 1424 4680 Chron„
1440 4616 1463 4681 1,

237 4710 303 4781 148,
318 4726 380 4783 149;
396 4710 540 4767 Carras...
555 4712 604 4767 del
616 4712 721 4770 Bra...
735 4710 844 4775 Fabro,
858 4710 883 4781 1,
894 4708 960 4781 239.
978 4708 1037 4765 Sed
1049 4708 1087 4763 de
1100 4709 1155 4763 hoc
1166 4708 1229 4763 viro
1244 4706 1351 4761 iterum
1369 4707 1463 4777 plura.
