3625 5400
758 495 965 553 noemma
977 497 1164 553 {aarum
1184 563 1187 570 Δ

934 681 991 762 at

661 811 802 879 PATRI
824 811 989 881 SIMONI
1013 809 1267 880 RODERICIO

737 938 827 982 norm
849 938 860 980 r
881 937 1064 982 uovuuears
1085 937 1153 994 1542
1173 923 1194 980 ⁴.
1230 999 1233 1004 Ι

347 1025 520 1081 Facultates
528 1028 558 1080 et
566 1023 690 1098 gratias
701 1041 722 1078 a
732 1025 800 1079 sede
812 1024 977 1094 apostolica
988 1023 1130 1078 Societtui
1139 1037 1289 1078 ooncoesas
1300 1020 1578 1095 lyaeum

464 1118 636 1178 enumerat,
644 1131 815 1184 numm
823 1113 1007 1186 participent
1021 1113 1149 1168 Patrm
1159 1111 1360 1168 ildariam
1366 1109 1459 1184 sarit.

413 1347 599 1426 Nosotros,
628 1347 683 1413 los
711 1345 790 1413 diez
821 1231 989 1430 pomeriis
1018 1346 1064 1414 tle
1099 1345 1135 1411 la
1163 1346 1373 1431 Compaflla,
1410 1347 1579 1412 tertiemus

345 1466 394 1532 de
408 1464 449 1532 S.
463 1465 501 1532 S.
518 1464 597 1547 yde
611 1463 645 1528 la
660 1463 742 1530 sede
758 1460 944 1548 apostolica
955 1462 1006 1528 las
1021 1461 1155 1559 gracias
1167 1459 1368 1546 siguientes:
1384 1481 1465 1546 para
1478 1481 1576 1546 pne-

342 1578 444 1646 ‹lioar
459 1578 587 1663 ubique
602 1588 782 1659 terrarum3
800 1597 882 1662 para
897 1579 1111 1662 confessary
1128 1577 1262 1643 asoluer
1277 1576 1322 1644 de
1338 1577 1437 1642 todos
1450 1575 1503 1641 los
1512 1595 1577 1644 ca-

343 1716 405 1760 sos
420 1695 656 1762 reseruadosa
670 1695 703 1759 la
719 1693 801 1760 sede
816 1691 1014 1780 apostolica,
1028 1702 1150 1779 ecepto
1162 1691 1206 1760 de
1221 1692 1273 1757 los
1288 1711 1357 1778 que
1371 1697 1467 1759 eatan
1480 1713 1528 1758 en
1544 1692 1578 1758 la

347 1810 430 1876 bula
440 1831 554 1877 coena
567 1808 719 1890 Domini,
734 1810 781 1877 te
796 1808 969 1875 ministrat
984 1809 1035 1874 los
1047 1817 1145 1874 -otros
1160 1819 1403 1887 sacramentos,
1428 1807 1479 1872 sin
1497 1829 1577 1893 per-

344 1923 455 2010 juicio
470 1935 585 1991 tamen
599 1926 643 1990 lle
658 1926 709 1990 los
725 1945 837 2007 curas3
850 1946 933 2010 para
949 1922 1117 2009 anticipat
1131 1945 1154 2008 y
1169 1943 1338 2009 posponer
1351 1925 1455 1988 'horas
1471 1927 1576 1989 cano·

347 2040 455 2122 nicas3
469 2061 551 2126 para
564 2039 658 2106 dezir
674 2039 777 2106 missa
792 2049 890 2106 antes
905 2041 962 2105 aet
977 2039 1033 2105 dia
1048 2060 1072 2123 y
1088 2039 1236 2124 despues
1256 2040 1300 2106 de
1315 2037 1495 2118 mediodla,
1513 2059 1576 2124 por

344 2137 476 2242 alguna
490 2155 694 2242 occupatiori
709 2161 731 2221 ό
745 2159 920 2242 prouecho
933 2154 1102 2241 spiritual;
1120 2157 1203 2241 para
1218 2163 1315 2222 tener
1333 2176 1358 2240 y
1378 2154 1448 2222 leer
1471 2153 1575 2220 libros

345 2269 504 2340 ereticos.
522 2272 655 2358 Agora,
674 2271 897 2357 supplicando
912 2276 933 2337 a
948 2271 987 2339 S.
1009 2273 1047 2339 S.
1069 2271 1103 2336 lo
1123 2291 1190 2356 que
1210 2292 1249 2338 se
1268 2269 1381 2356 signe,
1406 2269 1574 2356 gratiosa·

344 2396 461 2454 mente
477 2409 540 2453 nos
556 2388 649 2453 loha
667 2387 870 2456 coneeditlo.
888 2388 955 2453 Por
971 2397 1083 2467 tanto,
1101 2385 1130 2452 si
1146 2408 1189 2471 ay
1205 2387 1352 2472 algunos
1368 2405 1411 2453 en
1436 2395 1574 2451 uuestra

342 2507 523 2589 compatita
540 2501 699 2569 teniendo
715 2503 766 2568 las
780 2502 994 2570 conditiones
1010 2523 1078 2587 que
1098 2501 1258 2569 contiene
1278 2503 1311 2566 la
1331 2499 1570 2588 supplication,

345 2617 480 2702 podreis
496 2617 688 2703 repartirles
703 2620 818 2684 destas
834 2617 967 2705 gracias
983 2617 1196 2690 susodichas.
1215 2621 1327 2705 segr'rn
1342 2637 1365 2703 y
1384 2637 1482 2684 como
1499 2637 1572 2682 me-

338 2733 397 2817 jor
412 2750 453 2798 os
469 2739 639 2817 pareoert,
657 2755 739 2819 para
752 2735 787 2799 lo
806 2735 887 2817 qual
907 2756 946 2800 os
966 2734 1022 2800 doi
1040 2735 1076 2800 ¹la
1096 2734 1215 2800 misma
1236 2734 1387 2799 facultad
1406 2740 1427 2799 a
1444 2738 1493 2799 mi
1517 2732 1571 2797 in-

343 2846 453 2933 digno
470 2848 659 2916 concedida
674 2848 718 2915 de
732 2850 771 2917 S.
788 2850 826 2918 S.

666 3034 929 3097 suerttcnmon
953 3035 975 3095 t
1000 3048 1044 3097 su
1069 3048 1250 3097 snurrono

408 3195 584 3280 Supplicat
599 3195 774 3263 humiliter
790 3196 986 3263 beatissimo
1002 3196 1094 3264 Patri
1110 3196 1264 3265 Societas
1275 3198 1371 3284 Jesu,
1386 3216 1505 3264 omnes
1516 3196 1569 3262 ia-

340 3312 488 3377 cultates
503 3321 539 3379 et
551 3311 690 3397 gratiaS,
704 3312 814 3378 eidem
827 3312 991 3381 Societati
1007 3334 1027 3379 a
1042 3334 1104 3379 sua
1117 3312 1297 3380 sanctitate
1308 3322 1343 3380 et
1359 3332 1379 3377 a
1391 3311 1473 3379 sede
1484 3331 1568 3397 apo-

341 3426 463 3493 stolica
474 3426 541 3491 iam
552 3446 746 3503 concessas
761 3427 924 3514 dignetur
934 3428 1052 3511 largiri
1064 3427 1217 3496 Antonio
1229 3428 1273 3494 de
1285 3429 1410 3506 Araoz,
1424 3426 1459 3491 in
1471 3446 1568 3493 sacra

340 3540 515 3628 theologia
530 3541 716 3624 licentiam,
735 3544 802 3611 hoc
818 3567 909 3611 anno
932 3544 1138 3613 Societatem
1155 3544 1323 3630 ingresso
1341 3545 1485 3611 Necnon
1501 3546 1566 3609 hu-

337 3657 464 3725 militer
480 3658 660 3744 supplicat,
678 3680 742 3726 sua
756 3661 920 3727 sanctitas
935 3660 1098 3746 dignetur
1112 3658 1230 3745 largiri
1246 3660 1442 3727 facultatem
1463 3680 1566 3745 supe-

339 3772 437 3853 riori,
460 3773 518 3857 qui
537 3786 591 3840 est
618 3775 673 3843 uel
693 3774 902 3861 quicumque
923 3774 1036 3856 fuerit,
1059 3775 1162 3841 huius
1182 3774 1375 3854 Societatis,
1398 3785 1436 3840 ut
1460 3774 1566 3860 possit

340 3888 457 3976 largiri
469 3891 606 3957 easdem
620 3891 810 3969 facultates
824 3900 859 3958 et
870 3891 999 3977 gratias
1012 3890 1078 3956 iam
1090 3911 1282 3971 concessas
1292 3890 1566 3975 quibuscumque

340 4003 414 4071 aliis
430 4005 636 4090 ingressuris
652 4006 872 4089 Societatem,
896 4008 952 4073 uel
973 4004 1180 4073 habentibus
1202 4016 1320 4072 uotum
1341 4005 1507 4073 castitatis
1530 4016 1565 4071 et

340 4122 560 4205 paupertatis
578 4135 613 4188 et
628 4122 842 4208 propositum
858 4122 1073 4208 ingrediendi
1088 4121 1306 4201 Societatem,
1324 4122 1513 4213 seeundum
1529 4134 1564 4188 et

341 4236 478 4319 quando
492 4235 581 4304 idem
598 4237 751 4323 superior
766 4237 969 4306 indicauerit
985 4260 1061 4306 esse
1077 4237 1186 4324 magis
1201 4236 1392 4323 expeditius
1408 4238 1451 4303 ad
1471 4238 1566 4304 salu-

341 4360 410 4418 tem
427 4351 570 4432 animae,
585 4355 628 4419 ad
644 4365 869 4439 augmentum
885 4354 1022 4440 pietatis
1034 4352 1167 4440 Deique
1179 4352 1336 4439 gloriam,
1350 4374 1411 4438 pro
1427 4352 1561 4434 futuriS,

339 4477 380 4530 ut
396 4476 467 4532 tota
483 4466 639 4535 Societas
654 4470 762 4555 possit
778 4470 907 4539 eisdem
925 4468 1145 4538 facultatibus
1160 4470 1325 4556 gaudere.

347 4628 557 4637 ———⁴-——

395 4722 404 4753 ¹
441 4720 486 4774 Ex
497 4721 561 4776 cod.
583 4721 676 4777 Vatia.
691 4723 717 4788 I,
731 4740 831 4794 apogr.
845 4736 857 4778 1
873 4721 923 4779 fol.
