3625 5400
642 479 745 537 Ensr.
768 479 1051 573 reomaensis
1072 491 1141 550 1524

349 629 388 695 El
401 632 508 717 pobre
523 631 719 720 peregrim,

1175 749 1279 814 buco
1297 747 1322 814 ⁸.

346 861 545 948 Inscriptio,
565 863 670 952 Jhus.
694 865 747 930 En
767 865 857 950 Xpo.
880 872 1022 931 nuestro
1042 871 1145 931 senor
1164 860 1211 928 mi
1230 863 1393 929 hermena
1413 863 1499 928 Pas-

249 975 385 1042 cosla.

256 1159 392 1199 menses
406 1153 438 1199 et
447 1161 483 1199 eo
494 1144 620 1217 amplius
633 1152 786 1218 postquam
799 1143 932 1216 Ignatius
949 1162 986 1199 ex
1004 1142 1171 1200 Palaestina
1186 1143 1360 1216 peregrinus
1372 1141 1500 1198 redierat

260 1233 438 1305 tappulerst
448 1232 528 1310 enim
539 1234 732 1289 Barcinonem
753 1233 929 1290 decurrente
945 1232 1169 1306 quadragesima
1185 1230 1255 1287 anni
1271 1235 1354 1304 1524)
1372 1240 1403 1286 et
1420 1231 1497 1304 apud

260 1320 423 1392 Agnetem
435 1322 559 1378 Pascual
571 1321 786 1395 diversabantur,
797 1322 848 1396 qui
865 1321 930 1378 fieri
947 1330 1062 1395 poterat
1074 1330 1107 1377 ut
1122 1328 1182 1377 tam
1194 1324 1282 1393 longo
1300 1321 1440 1393 temporis
1453 1320 1498 1376 in-

260 1411 397 1465 tervallo
410 1427 469 1466 non
485 1411 676 1482 cognovisset
696 1412 768 1467 baec
787 1411 953 1480 Callistum,
975 1410 1131 1483 primume
1150 1409 1249 1481 sociis,
1268 1410 1321 1482 qui
1334 1408 1497 1464 Barcinone

262 1497 387 1568 ignatio
400 1499 586 1557 adhaeserat?
598 1501 691 1572 Igitur
702 1501 776 1556 haec
788 1501 874 1556 nobis
886 1500 1026 1556 videntur
1035 1499 1238 1572 probabiliora:
1252 1511 1277 1553 1.
1289 1498 1419 1571 Epistola
1429 1497 1498 1554 data

261 1594 318 1642 est
330 1587 494 1643 Barcinone
506 1587 636 1661 quidem,
649 1588 702 1645 sed
713 1589 761 1644 die
773 1589 791 1643 6
804 1587 978 1645 Decembris
994 1602 1072 1658 1524,
1086 1591 1173 1661 paulo
1183 1596 1249 1660 post
1259 1605 1345 1661 quam
1356 1587 1497 1642 Callistus

266 1692 339 1731 sese
351 1675 467 1747 lgnatio
479 1677 665 1748 aggregavit,
677 1677 803 1750 ideoque
819 1677 936 1751 quando
952 1677 1048 1734 adhuc
1061 1678 1163 1748 Agnes
1181 1677 1263 1732 illum
1279 1693 1338 1731 non
1355 1682 1491 1731 noverat.

266 1777 300 1818 2.
319 1765 442 1836 Agneti,
460 1765 624 1822 Barcinone
641 1768 767 1839 absenti,
791 1767 860 1823 data
881 1776 928 1823 est
941 1767 1075 1839 epistola.
1089 1767 1227 1822 Fortasse
1245 1766 1296 1829 illa
1311 1764 1496 1820 Minorissam

263 1862 466 1926 concesserat,
483 1856 533 1910 ubi
545 1854 634 1910 aedes
646 1856 785 1928 habebat,
799 1856 836 1911 ad
848 1856 968 1928 negotia
979 1873 1033 1913 sua
1044 1853 1238 1928 expedienda,
1248 1852 1444 1913 Barcinonem
1453 1869 1497 1907 re·

264 1958 402 1998 versura.
415 1942 446 1999 3.
460 1943 609 2011 Callistus,
622 1943 702 2017 prius
714 1923 802 2018 duam
814 1945 930 2016 Ignatio
939 1944 1057 2000 omnino
1068 1943 1287 2016 adjungeretur,
1301 1959 1416 2015 unaque
1429 1958 1495 1997 cum

263 2030 332 2102 ipso
342 2031 449 2088 studiis
462 2049 581 2106 operam
593 2031 684 2104 daret,
697 2034 728 2089 in
741 2035 871 2090 Mentem
885 2035 1036 2090 Serratum
1047 2032 1173 2088 fortasse
1185 2042 1236 2087 aut
1248 2032 1433 2087 Minorissam
1446 2047 1494 2103 pe·

262 2119 437 2191 regrinandi
446 2130 498 2176 aut
507 2139 574 2178 sese
587 2122 744 2178 exercendi
754 2139 842 2178 causa
853 2124 891 2178 ab
901 2123 965 2195 ipso
973 2121 1089 2194 Ignium
1097 2121 1154 2177 fuit
1164 2121 1282 2190 missus,
1292 2137 1351 2193 quo
1363 2128 1494 2192 tempore

266 2215 385 2278 poterat
397 2209 435 2264 de
449 2209 526 2265 illius
537 2211 684 2266 sententia
697 2211 799 2282 Agnes
811 2228 860 2266 res
872 2210 962 2266 animi
979 2211 1026 2266 sui
1042 2227 1109 2265 cum
1126 2189 1250 2266 Callisto
1262 2208 1490 2264 communicare.

324 2298 336 2332 ³
373 2297 569 2370 SubscriptiO,
582 2298 612 2354 in
627 2297 737 2354 Corios
749 2299 868 2371 omissa,
881 2299 1031 2354 invenitur
1040 2298 1157 2370 incod.,
1169 2314 1228 2371 quo
1239 2297 1427 2353 utimur-P.
1442 2297 1500 2352 As·

266 2385 358 2454 main,
378 2403 523 2458 quaerens
536 2386 719 2458 quandonam
740 2403 847 2443 nomen
861 2387 951 2460 illigo
973 2387 1003 2443 in
1016 2384 1142 2459 Ignocio
1163 2402 1339 2442 conversum
1351 2393 1409 2452 est,
1427 2384 1499 2439 scri·

266 2471 324 2527 bit:
340 2472 493 2545 ngCnindo
506 2477 523 2528 ὁ
536 2478 620 2529 como
635 2491 668 2530 se
687 2475 753 2530 hizo
771 2484 835 2531 esta
852 2473 1009 2530 mudanza?
1022 2475 1067 2529 No
1081 2478 1144 2530 esta
1155 2491 1226 2544 muy
1243 2474 1337 2530 claro.
1354 2471 1497 2527 Atenien·

261 2559 362 2616 donos
374 2565 391 2616 t
404 2563 448 2618 los
461 2562 584 2618 escritos
596 2563 643 2620 del
657 2573 750 2636 santo,
766 2580 869 2636 vernos
881 2565 975 2636 quenl
986 2563 1129 2636 principio
1140 2563 1321 2618 firmabasus
1334 2567 1429 2616 cartas
1439 2575 1494 2615 con

261 2657 334 2706 esta
345 2650 476 2708 humilde
488 2650 621 2709 formula:
635 2651 683 2709 De
695 2653 813 2710 bondad
822 2653 924 2727 pebra,
935 2654 1038 2728 illigo.
1052 2653 1094 2709 La
1104 2632 1229 2725 primera
1238 2668 1294 2707 vez
1302 2667 1361 2724 que
1373 2665 1496 2722 aparece

264 2740 295 2795 el
309 2743 431 2796 nombre
443 2740 481 2798 de
494 2742 614 2813 lgnacio
628 2759 660 2798 es
674 2760 712 2798 en
733 2745 760 2798 el
777 2748 833 2799 atio
853 2742 933 2813 1537,
951 2761 989 2798 en
1010 2750 1090 2798 carta
1107 2740 1234 2813 dirigida
1256 2744 1274 2796 t
1296 2740 1387 2795 micet
1399 2738 1495 2795 Pedro

262 2826 432 2901 Contarini,
445 2848 465 2901 y
477 2830 619 2887 firmando
637 2834 664 2887 el
677 2839 761 2887 santo
782 2849 820 2887 en
838 2833 920 2887 latin.
944 2830 1044 2887 Desde
1062 2838 1211 2903 entonces,
1233 2829 1359 2885 durante
1371 2830 1495 2899 algunos

261 2921 348 2986 aiios,
361 2935 504 2990 aparecen
514 2920 558 2975 los
567 2919 621 2975 dos
633 2922 782 2990 nombres,
793 2920 1012 2976 advirtiendose
1022 2935 1074 2992 por
1082 2920 1165 2990 regla
1173 2920 1303 2991 general,
1314 2935 1372 2991 quc
1381 2916 1495 2972 cuando

261 3006 295 3061 el
308 3014 394 3063 santo
405 3007 489 3063 firma
501 3026 539 3064 en
551 3010 712 3065 castellano
729 3026 762 3065 se
782 3010 868 3065 llama
886 3010 986 3082 litigo,
1006 3026 1026 3079 y
1042 3008 1157 3065 cuando
1172 3007 1256 3064 firma
1269 3025 1306 3064 en
1320 3009 1392 3063 latin
1410 3005 1495 3061 dita·

264 3096 345 3151 liano
358 3096 474 3153 ascribe
483 3097 623 3171 Ignacio.
640 3098 740 3155 Desde
755 3112 823 3169 1542
835 3098 1013 3171 desaparece
1026 3100 1053 3155 el
1066 3098 1162 3170 litigo,
1174 3116 1195 3171 y
1208 3099 1271 3153 solo
1284 3114 1342 3153 una
1355 3113 1409 3151 vez
1422 3096 1494 3153 sele

263 3202 304 3239 ve
315 3202 441 3253 asomar‚
454 3188 481 3242 el
498 3200 531 3241 10
542 3186 580 3241 de
593 3188 707 3258 Agosto
720 3188 758 3243 de
769 3189 847 3260 1546,
863 3206 902 3244 en
915 3190 942 3244 el
961 3186 1066 3243 recado
1079 3187 1187 3243 escrito
1206 3203 1274 3259 para
1284 3186 1333 3241 Fr.
1347 3186 1489 3240 Barberd.

261 3273 287 3327 F
290 3290 360 3328 uera
371 3274 410 3329 de
419 3282 483 3330 este
494 3292 573 3339 caso,
586 3284 707 3332 nuestro
721 3286 805 3333 santo
817 3276 911 3332 Padre
925 3276 1052 3349 siempre
1067 3293 1099 3332 se
1111 3274 1195 3331 firmo
1205 3275 1336 3347 Ignacio,
1350 3277 1393 3329 asi
1406 3290 1445 3329 en
1454 3274 1494 3327 la·

261 3364 309 3417 tin
319 3379 402 3419 como
415 3381 453 3419 en
465 3366 635 3437 castellano,
650 3383 687 3421 en
701 3368 744 3421 las
756 3382 926 3422 numerosas
945 3375 1040 3422 cartas
1052 3384 1072 3439 y
1091 3364 1283 3421 documentos
1304 3381 1363 3437 que
1377 3360 1494 3437 expidid

221 3518 227 3527 ⁸
262 3466 304 3506 en
314 3452 360 3507 los
370 3459 488 3508 catorce
498 3452 618 3508 ultimos
631 3458 701 3509 ailos
715 3454 752 3510 de
765 3472 801 3510 su
812 3454 892 3511 vida.
910 3456 988 3527 Algo
1001 3472 1035 3511 se
1047 3455 1084 3510 ha
1093 3452 1240 3510 discutido
1253 3455 1341 3508 sobre
1356 3461 1422 3508 esta
1432 3468 1494 3507 mu·

262 3538 358 3596 danza
370 3539 409 3596 de
418 3543 552 3613 nombre,
564 3560 584 3613 y
597 3543 694 3599 varias
706 3560 829 3599 razones
842 3561 874 3599 se
891 3545 950 3599 han
961 3542 1086 3599 aducido
1104 3560 1172 3615 para
1190 3541 1358 3615 explicarla.
1377 3542 1453 3596 Pero
1466 3541 1494 3596 la

263 3627 429 3686 indecisidn
443 3630 547 3687 misma
559 3630 607 3687 del
620 3641 705 3689 santo
717 3649 755 3688 en
771 3635 799 3689 la
811 3632 894 3688 firma
906 3650 927 3705 y
941 3634 969 3688 la
982 3635 1152 3688 costumbre
1168 3630 1205 3687 de
1219 3633 1354 3687 llamarse
1369 3632 1494 3701 algunos
1596 3704 1599 3708 ,

179 3777 180 3780 ¹
262 3721 334 3773 anos
348 3718 623 3775 simulttneamente
636 3720 720 3791 litigo
733 3737 771 3777 en
780 3723 941 3777 castellano
953 3725 971 3776 e
984 3720 1104 3793 lgnacio
1117 3738 1155 3775 en
1168 3722 1251 3791 latin,
1265 3736 1390 3791 parecen
1403 3718 1494 3789 signi·

261 3807 335 3863 ficar
347 3824 405 3880 que
423 3809 450 3863 el
468 3815 552 3863 santo
570 3825 609 3863 no
625 3813 714 3881 ereyo
736 3808 838 3865 mudar
858 3809 895 3865 de
908 3811 1031 3865 nombre
1052 3810 1079 3865 al
1094 3808 1269 3881 apellidarse
1284 3806 1413 3878 Ignacio‚
1429 3805 1494 3861 sino

259 3895 470 3968 simplemente
483 3897 603 3969 adoptat
620 3899 648 3953 la
664 3898 756 3953 forma
771 3915 829 3971 que
848 3902 915 3954 vela
928 3898 1019 3953 usada
1031 3896 1115 3953 fuera
1127 3897 1164 3952 de
1178 3898 1322 3969 Espanao»
1336 3896 1490 3965 Asnaus,

261 3982 405 4040 Historia
417 3987 453 4041 da
466 3986 498 4041 la
513 3985 727 4060 Campaniano
734 3987 825 4058 Jesrts
838 4004 875 4043 en
889 3988 921 4042 lo
937 3986 1107 4042 Asistencia
1119 3988 1155 4042 de
1171 3986 1303 4057 Espatla,
1321 3982 1373 4039 lib.
1388 3982 1410 4053 1,
1426 3999 1453 4038 c.
1467 3995 1491 4037 1.
1582 4031 1584 4035 .
1613 3992 1618 4005 ·

263 4072 360 4129 Novis
372 4074 450 4129 curis
464 4074 543 4131 edita
556 4074 587 4131 in
599 4076 696 4131 lucem
714 4074 863 4146 ignatiana
880 4083 1069 4131 monumenta
1086 4074 1235 4130 docebunt
1254 4070 1359 4128 melius
1370 4069 1443 4145 quid
1454 4073 1493 4126 ab

264 4160 381 4232 Ignatio
394 4164 449 4218 hac
461 4162 492 4218 in
504 4180 536 4218 re
549 4161 715 4219 factitatum
729 4161 777 4219 sit.
797 4164 913 4220 Etenim
931 4163 1042 4220 librarii
1060 4171 1090 4219 et
1103 4162 1243 4235 editores,
1256 4162 1340 4235 quasi
1349 4161 1416 4233 jure
1429 4177 1494 4224 suo,

263 4249 432 4307 libertatem
446 4250 577 4307 mutandi
590 4268 698 4308 nomen
710 4260 761 4309 aut
773 4252 887 4309 litteras
900 4253 958 4308 sibi
971 4254 1171 4310 assumebant.
1189 4251 1240 4309 Sic
1257 4267 1346 4323 saepe
1363 4249 1449 4321 litigo
1462 4257 1494 4304 et

262 4338 379 4411 &natio
391 4340 535 4412 scribunt,
547 4357 615 4397 cum
627 4341 761 4412 lgnatius
774 4342 864 4417 [nigo
876 4342 982 4398 solitus
994 4340 1084 4397 fuerit
1095 4341 1236 4397 scribere.
