<?xml version="1.0" encoding="UTF-8"?>
<!DOCTYPE html PUBLIC "-//W3C//DTD XHTML 1.0 Transitional//EN"
    "http://www.w3.org/TR/xhtml1/DTD/xhtml1-transitional.dtd">
<html xmlns="http://www.w3.org/1999/xhtml" xml:lang="en" lang="en">
 <head>
  <title>
</title>
<meta http-equiv="Content-Type" content="text/html;charset=utf-8" />
  <meta name='ocr-system' content='tesseract 3.04.00' />
  <meta name='ocr-capabilities' content='ocr_page ocr_carea ocr_par ocr_line ocrx_word'/>
</head>
<body>
  <div class='ocr_page' id='page_1' title='image "./monumentaignati04ignagoog_0637.png"; bbox 0 0 3625 5400; ppageno 0'>
   <div class='ocr_carea' id='block_1_1' title="bbox 501 467 1437 560">
    <p class='ocr_par' dir='ltr' id='par_1_1' title="bbox 501 467 1437 560">
     <span class='ocr_line' id='line_1_1' title="bbox 501 467 1437 560; baseline 0.014 -29"><span class='ocrx_word' id='word_1_1' title='bbox 501 476 604 535; x_wconf 78' lang='lat' dir='ltr'><strong>Erisr.</strong></span> <span class='ocrx_word' id='word_1_2' title='bbox 625 478 677 535; x_wconf 82' lang='lat'><strong>216</strong></span> <span class='ocrx_word' id='word_1_3' title='bbox 696 491 737 534; x_wconf 78' lang='lat' dir='ltr'><strong>nr</strong></span> <span class='ocrx_word' id='word_1_4' title='bbox 755 467 1132 549; x_wconf 82' lang='lat' dir='ltr'><strong>2i7.-Msussocr0nn1</strong></span> <span class='ocrx_word' id='word_1_5' title='bbox 1152 495 1219 553; x_wconf 80' lang='lat'><strong>1547</strong></span> <span class='ocrx_word' id='word_1_6' title='bbox 1381 487 1437 560; x_wconf 76' lang='lat'><strong>⁶²9</strong></span> 
     </span>
    </p>
   </div>
   <div class='ocr_carea' id='block_1_2' title="bbox 239 626 1470 951">
    <p class='ocr_par' dir='ltr' id='par_1_2' title="bbox 239 626 1470 951">
     <span class='ocr_line' id='line_1_2' title="bbox 243 626 1470 722; baseline 0.015 -31"><span class='ocrx_word' id='word_1_7' title='bbox 243 626 322 712; x_wconf 90' lang='lat' dir='ltr'><strong>pide</strong></span> <span class='ocrx_word' id='word_1_8' title='bbox 337 627 381 695; x_wconf 87' lang='lat' dir='ltr'><strong>de</strong></span> <span class='ocrx_word' id='word_1_9' title='bbox 395 630 608 701; x_wconf 78' lang='lat' dir='ltr'><strong>consessarse</strong></span> <span class='ocrx_word' id='word_1_10' title='bbox 624 654 706 720; x_wconf 91' lang='lat' dir='ltr'><strong>para</strong></span> <span class='ocrx_word' id='word_1_11' title='bbox 721 633 773 700; x_wconf 87' lang='lat' dir='ltr'><strong>las</strong></span> <span class='ocrx_word' id='word_1_12' title='bbox 784 633 929 720; x_wconf 80' lang='lat' dir='ltr'><strong>monjaS,</strong></span> <span class='ocrx_word' id='word_1_13' title='bbox 943 655 1074 722; x_wconf 91' lang='lat' dir='ltr'><strong>porque</strong></span> <span class='ocrx_word' id='word_1_14' title='bbox 1085 654 1130 703; x_wconf 88' lang='lat' dir='ltr'><strong>en</strong></span> <span class='ocrx_word' id='word_1_15' title='bbox 1141 636 1193 705; x_wconf 82' lang='lat' dir='ltr'><strong>las</strong></span> <span class='ocrx_word' id='word_1_16' title='bbox 1203 637 1349 706; x_wconf 76' lang='lat' dir='ltr'><strong>ordenee</strong></span> <span class='ocrx_word' id='word_1_17' title='bbox 1363 639 1470 710; x_wconf 86' lang='lat' dir='ltr'><strong>dellas</strong></span> 
     </span>
     <span class='ocr_line' id='line_1_3' title="bbox 240 742 1470 855; baseline 0.013 -46"><span class='ocrx_word' id='word_1_18' title='bbox 240 764 285 829; x_wconf 89' lang='lat' dir='ltr'><strong>ay</strong></span> <span class='ocrx_word' id='word_1_19' title='bbox 299 742 405 831; x_wconf 85' lang='lat' dir='ltr'>quien</span> <span class='ocrx_word' id='word_1_20' title='bbox 419 746 533 831; x_wconf 81' lang='lat' dir='ltr'><strong>pueda</strong></span> <span class='ocrx_word' id='word_1_21' title='bbox 548 749 777 817; x_wconf 81' lang='lat' dir='ltr'><strong>reformarnos</strong></span> <span class='ocrx_word' id='word_1_22' title='bbox 788 754 808 816; x_wconf 72' lang='lat' dir='ltr'><strong>a</strong></span> <span class='ocrx_word' id='word_1_23' title='bbox 821 760 994 831; x_wconf 88' lang='lat' dir='ltr'><strong>nosotros,</strong></span> <span class='ocrx_word' id='word_1_24' title='bbox 1008 772 1054 817; x_wconf 91' lang='lat' dir='ltr'><strong>no</strong></span> <span class='ocrx_word' id='word_1_25' title='bbox 1066 752 1255 822; x_wconf 77' lang='lat' dir='ltr'><strong>solamente</strong></span> <span class='ocrx_word' id='word_1_26' title='bbox 1266 773 1470 855; x_wconf 79' lang='lat' dir='ltr'><strong>eccusamos</strong></span> 
     </span>
     <span class='ocr_line' id='line_1_4' title="bbox 239 858 966 951; baseline 0.011 -28"><span class='ocrx_word' id='word_1_27' title='bbox 239 858 284 926; x_wconf 92' lang='lat' dir='ltr'><strong>de</strong></span> <span class='ocrx_word' id='word_1_28' title='bbox 300 858 348 924; x_wconf 90' lang='lat' dir='ltr'><strong>tal</strong></span> <span class='ocrx_word' id='word_1_29' title='bbox 362 860 583 930; x_wconf 83' lang='lat' dir='ltr'><strong>relonnatidn</strong></span> <span class='ocrx_word' id='word_1_30' title='bbox 598 864 642 932; x_wconf 88' lang='lat' dir='ltr'><strong>de</strong></span> <span class='ocrx_word' id='word_1_31' title='bbox 657 884 717 931; x_wconf 90' lang='lat' dir='ltr'><strong>sus</strong></span> <span class='ocrx_word' id='word_1_32' title='bbox 732 862 924 951; x_wconf 86' lang='lat' dir='ltr'><strong>relligiosas</strong></span> <span class='ocrx_word' id='word_1_33' title='bbox 940 866 966 931; x_wconf 87' lang='lat'><strong>⁸.</strong></span> 
     </span>
    </p>
   </div>
   <div class='ocr_carea' id='block_1_3' title="bbox 817 1030 881 1111">
    <p class='ocr_par' dir='ltr' id='par_1_3' title="bbox 817 1030 881 1111">
     <span class='ocr_line' id='line_1_5' title="bbox 817 1030 881 1111; baseline 0 -1"><span class='ocrx_word' id='word_1_34' title='bbox 817 1030 881 1111; x_wconf 85' lang='grc'><strong>216</strong></span> 
     </span>
    </p>
   </div>
   <div class='ocr_carea' id='block_1_4' title="bbox 468 1176 1231 1513">
    <p class='ocr_par' dir='ltr' id='par_1_4' title="bbox 468 1176 1231 1513">
     <span class='ocr_line' id='line_1_6' title="bbox 468 1176 1231 1269; baseline 0.016 -27"><span class='ocrx_word' id='word_1_35' title='bbox 468 1176 678 1245; x_wconf 86' lang='lat' dir='ltr'>DOCTORI</span> <span class='ocrx_word' id='word_1_36' title='bbox 718 1179 872 1269; x_wconf 79' lang='lat' dir='ltr'><strong>PETRO</strong></span> <span class='ocrx_word' id='word_1_37' title='bbox 910 1181 974 1248; x_wconf 90' lang='lat' dir='ltr'><strong>DE</strong></span> <span class='ocrx_word' id='word_1_38' title='bbox 1013 1182 1231 1257; x_wconf 81' lang='lat' dir='ltr'><strong>PERALTA</strong></span> 
     </span>
     <span class='ocr_line' id='line_1_7' title="bbox 602 1319 1101 1385; baseline 0.008 -19"><span class='ocrx_word' id='word_1_39' title='bbox 602 1322 690 1369; x_wconf 73' lang='lat' dir='ltr'><strong>son</strong></span> <span class='ocrx_word' id='word_1_40' title='bbox 708 1324 815 1369; x_wconf 71' lang='lat' dir='ltr'><strong>nass</strong></span> <span class='ocrx_word' id='word_1_41' title='bbox 833 1325 973 1370; x_wconf 70' lang='lat' dir='ltr'><strong>occosm</strong></span> <span class='ocrx_word' id='word_1_42' title='bbox 994 1326 1062 1385; x_wconf 82' lang='grc'><strong>1547</strong></span> <span class='ocrx_word' id='word_1_43' title='bbox 1081 1319 1101 1369; x_wconf 90' lang='lat'><strong>¹.</strong></span> 
     </span>
     <span class='ocr_line' id='line_1_8' title="bbox 492 1432 1203 1513; baseline 0.013 -25"><span class='ocrx_word' id='word_1_44' title='bbox 492 1432 537 1489; x_wconf 79' lang='lat' dir='ltr'><strong>Ne</strong></span> <span class='ocrx_word' id='word_1_45' title='bbox 549 1434 622 1490; x_wconf 81' lang='lat' dir='ltr'><strong>velit</strong></span> <span class='ocrx_word' id='word_1_46' title='bbox 633 1436 727 1491; x_wconf 52' lang='lat' dir='ltr'><strong>Amul</strong></span> <span class='ocrx_word' id='word_1_47' title='bbox 738 1436 838 1493; x_wconf 84' lang='lat' dir='ltr'><strong>Deum</strong></span> <span class='ocrx_word' id='word_1_48' title='bbox 851 1455 887 1493; x_wconf 84' lang='lat' dir='ltr'><strong>ac</strong></span> <span class='ocrx_word' id='word_1_49' title='bbox 899 1439 1051 1494; x_wconf 60' lang='lat' dir='ltr'><strong>mudum</strong></span> <span class='ocrx_word' id='word_1_50' title='bbox 1063 1438 1203 1513; x_wconf 74' lang='lat' dir='ltr'><strong>diligere.</strong></span> 
     </span>
    </p>
   </div>
   <div class='ocr_carea' id='block_1_5' title="bbox 239 1557 1460 1765">
    <p class='ocr_par' dir='ltr' id='par_1_5' title="bbox 239 1557 1460 1765">
     <span class='ocr_line' id='line_1_9' title="bbox 304 1557 1460 1637; baseline 0.01 -14"><span class='ocrx_word' id='word_1_51' title='bbox 304 1557 337 1623; x_wconf 89' lang='lat' dir='ltr'><strong>A</strong></span> <span class='ocrx_word' id='word_1_52' title='bbox 354 1558 582 1626; x_wconf 77' lang='lat' dir='ltr'><strong>Patella-A</strong></span> <span class='ocrx_word' id='word_1_53' title='bbox 599 1561 734 1629; x_wconf 83' lang='lat' dir='ltr'><strong>Peralta</strong></span> <span class='ocrx_word' id='word_1_54' title='bbox 750 1562 762 1595; x_wconf 79' lang='lat'>⁸</span> <span class='ocrx_word' id='word_1_55' title='bbox 779 1584 817 1632; x_wconf 91' lang='lat' dir='ltr'><strong>se</strong></span> <span class='ocrx_word' id='word_1_56' title='bbox 832 1562 911 1631; x_wconf 91' lang='lat' dir='ltr'><strong>hizo</strong></span> <span class='ocrx_word' id='word_1_57' title='bbox 926 1561 1048 1630; x_wconf 90' lang='lat' dir='ltr'><strong>scriuir</strong></span> <span class='ocrx_word' id='word_1_58' title='bbox 1063 1568 1163 1631; x_wconf 83' lang='lat' dir='ltr'><strong>cdmo</strong></span> <span class='ocrx_word' id='word_1_59' title='bbox 1178 1565 1300 1633; x_wconf 85' lang='lat' dir='ltr'><strong>viuiria</strong></span> <span class='ocrx_word' id='word_1_60' title='bbox 1315 1567 1460 1637; x_wconf 75' lang='lat' dir='ltr'><strong>descon-</strong></span> 
     </span>
     <span class='ocr_line' id='line_1_10' title="bbox 239 1673 1102 1765; baseline 0.015 -30"><span class='ocrx_word' id='word_1_61' title='bbox 239 1682 334 1737; x_wconf 86' lang='lat' dir='ltr'><strong>tento</strong></span> <span class='ocrx_word' id='word_1_62' title='bbox 351 1673 497 1741; x_wconf 85' lang='lat' dir='ltr'><strong>amando</strong></span> <span class='ocrx_word' id='word_1_63' title='bbox 507 1676 726 1760; x_wconf 86' lang='lat' dir='ltr'><strong>juntamente</strong></span> <span class='ocrx_word' id='word_1_64' title='bbox 741 1677 827 1745; x_wconf 90' lang='lat' dir='ltr'><strong>Dios</strong></span> <span class='ocrx_word' id='word_1_65' title='bbox 842 1701 865 1765; x_wconf 88' lang='lat' dir='ltr'>y</span> <span class='ocrx_word' id='word_1_66' title='bbox 881 1679 914 1747; x_wconf 91' lang='lat' dir='ltr'><strong>el</strong></span> <span class='ocrx_word' id='word_1_67' title='bbox 929 1679 1059 1746; x_wconf 90' lang='lat' dir='ltr'><strong>mundo</strong></span> <span class='ocrx_word' id='word_1_68' title='bbox 1076 1680 1102 1748; x_wconf 80' lang='lat'><strong>⁸.</strong></span> 
     </span>
    </p>
   </div>
   <div class='ocr_carea' id='block_1_6' title="bbox 819 1825 881 1905">
    <p class='ocr_par' dir='ltr' id='par_1_6' title="bbox 819 1825 881 1905">
     <span class='ocr_line' id='line_1_11' title="bbox 819 1825 881 1905; baseline 0.032 -2"><span class='ocrx_word' id='word_1_69' title='bbox 819 1825 881 1905; x_wconf 86' lang='grc'><strong>217</strong></span> 
     </span>
    </p>
   </div>
   <div class='ocr_carea' id='block_1_7' title="bbox 480 1951 1221 2147">
    <p class='ocr_par' dir='ltr' id='par_1_7' title="bbox 480 1951 1221 2147">
     <span class='ocr_line' id='line_1_12' title="bbox 480 1951 1221 2023; baseline 0.005 -4"><span class='ocrx_word' id='word_1_70' title='bbox 480 1951 691 2022; x_wconf 89' lang='lat' dir='ltr'>DOMINO</span> <span class='ocrx_word' id='word_1_71' title='bbox 727 1955 898 2023; x_wconf 87' lang='lat' dir='ltr'>PETRO</span> <span class='ocrx_word' id='word_1_72' title='bbox 933 1955 1221 2023; x_wconf 89' lang='lat' dir='ltr'><strong>GONZALEZ</strong></span> 
     </span>
     <span class='ocr_line' id='line_1_13' title="bbox 573 2082 1121 2147; baseline 0.005 -16"><span class='ocrx_word' id='word_1_73' title='bbox 573 2087 662 2133; x_wconf 75' lang='lat' dir='ltr'><strong>noua</strong></span> <span class='ocrx_word' id='word_1_74' title='bbox 681 2088 831 2135; x_wconf 75' lang='lat' dir='ltr'><strong>anuum</strong></span> <span class='ocrx_word' id='word_1_75' title='bbox 849 2090 988 2135; x_wconf 82' lang='lat' dir='ltr'><strong>ocronnr</strong></span> <span class='ocrx_word' id='word_1_76' title='bbox 1008 2090 1076 2147; x_wconf 83' lang='lat'>1547</span> <span class='ocrx_word' id='word_1_77' title='bbox 1097 2082 1121 2134; x_wconf 86' lang='lat'><strong>¹.</strong></span> 
     </span>
    </p>
   </div>
   <div class='ocr_carea' id='block_1_8' title="bbox 234 2186 1458 2354">
    <p class='ocr_par' dir='ltr' id='par_1_8' title="bbox 234 2186 1458 2354">
     <span class='ocr_line' id='line_1_14' title="bbox 234 2186 1458 2271; baseline 0.008 -28"><span class='ocrx_word' id='word_1_78' title='bbox 234 2186 280 2243; x_wconf 87' lang='lat' dir='ltr'><strong>Ob</strong></span> <span class='ocrx_word' id='word_1_79' title='bbox 290 2190 441 2245; x_wconf 79' lang='lat' dir='ltr'><strong>sociorum</strong></span> <span class='ocrx_word' id='word_1_80' title='bbox 454 2192 642 2262; x_wconf 69' lang='lat' dir='ltr'><strong>paucitatem</strong></span> <span class='ocrx_word' id='word_1_81' title='bbox 655 2198 775 2249; x_wconf 68' lang='lat' dir='ltr'><strong>oxma!</strong></span> <span class='ocrx_word' id='word_1_82' title='bbox 792 2210 823 2249; x_wconf 80' lang='lat' dir='ltr'><strong>se</strong></span> <span class='ocrx_word' id='word_1_83' title='bbox 839 2194 983 2267; x_wconf 79' lang='lat' dir='ltr'><strong>Ignatius</strong></span> <span class='ocrx_word' id='word_1_84' title='bbox 998 2196 1080 2267; x_wconf 83' lang='lat' dir='ltr'><strong>quod</strong></span> <span class='ocrx_word' id='word_1_85' title='bbox 1094 2196 1218 2251; x_wconf 68' lang='lat' dir='ltr'><strong>mum</strong></span> <span class='ocrx_word' id='word_1_86' title='bbox 1235 2197 1326 2252; x_wconf 74' lang='lat' dir='ltr'><strong>Aetne</strong></span> <span class='ocrx_word' id='word_1_87' title='bbox 1345 2196 1458 2271; x_wconf 81' lang='lat' dir='ltr'><strong>Regiae</strong></span> 
     </span>
     <span class='ocr_line' id='line_1_15' title="bbox 668 2280 1020 2354; baseline 0.006 -18"><span class='ocrx_word' id='word_1_88' title='bbox 668 2280 830 2338; x_wconf 74' lang='lat' dir='ltr'><em>admittere</em></span> <span class='ocrx_word' id='word_1_89' title='bbox 842 2299 903 2337; x_wconf 80' lang='lat' dir='ltr'><strong>non</strong></span> <span class='ocrx_word' id='word_1_90' title='bbox 914 2284 1020 2354; x_wconf 77' lang='lat' dir='ltr'><strong>possit.</strong></span> 
     </span>
    </p>
   </div>
   <div class='ocr_carea' id='block_1_9' title="bbox 796 2408 902 2527">
    <p class='ocr_par' dir='ltr' id='par_1_9' title="bbox 796 2408 902 2527">
     <span class='ocr_line' id='line_1_16' title="bbox 796 2408 902 2527; baseline 0.009 0"><span class='ocrx_word' id='word_1_91' title='bbox 796 2408 902 2527; x_wconf 57' lang='lat' dir='ltr'><strong>nst·</strong></span> 
     </span>
    </p>
   </div>
   <div class='ocr_carea' id='block_1_10' title="bbox 232 2601 1454 2807">
    <p class='ocr_par' dir='ltr' id='par_1_10' title="bbox 232 2601 1454 2807">
     <span class='ocr_line' id='line_1_17' title="bbox 298 2601 1454 2694; baseline 0.005 -28"><span class='ocrx_word' id='word_1_92' title='bbox 298 2602 346 2667; x_wconf 86' lang='lat' dir='ltr'><strong>L&#39;a</strong></span> <span class='ocrx_word' id='word_1_93' title='bbox 367 2601 483 2689; x_wconf 86' lang='lat' dir='ltr'>gracia</span> <span class='ocrx_word' id='word_1_94' title='bbox 502 2626 524 2688; x_wconf 92' lang='lat' dir='ltr'>y</span> <span class='ocrx_word' id='word_1_95' title='bbox 546 2625 640 2671; x_wconf 85' lang='lat' dir='ltr'><strong>amor</strong></span> <span class='ocrx_word' id='word_1_96' title='bbox 660 2614 779 2673; x_wconf 87' lang='lat' dir='ltr'><strong>eterno</strong></span> <span class='ocrx_word' id='word_1_97' title='bbox 798 2605 842 2674; x_wconf 89' lang='lat' dir='ltr'><strong>de</strong></span> <span class='ocrx_word' id='word_1_98' title='bbox 857 2608 943 2694; x_wconf 88' lang='lat' dir='ltr'><strong>Jesu</strong></span> <span class='ocrx_word' id='word_1_99' title='bbox 962 2604 1028 2673; x_wconf 84' lang='lat' dir='ltr'><strong>X.⁰</strong></span> <span class='ocrx_word' id='word_1_100' title='bbox 1048 2606 1085 2675; x_wconf 90' lang='lat' dir='ltr'><strong>S.</strong></span> <span class='ocrx_word' id='word_1_101' title='bbox 1109 2606 1152 2674; x_wconf 90' lang='lat' dir='ltr'><strong>N.</strong></span> <span class='ocrx_word' id='word_1_102' title='bbox 1179 2627 1238 2675; x_wconf 86' lang='lat' dir='ltr'><strong>sea</strong></span> <span class='ocrx_word' id='word_1_103' title='bbox 1253 2604 1389 2693; x_wconf 88' lang='lat' dir='ltr'><strong>sienpre</strong></span> <span class='ocrx_word' id='word_1_104' title='bbox 1410 2628 1454 2673; x_wconf 90' lang='lat' dir='ltr'><strong>en</strong></span> 
     </span>
     <span class='ocr_line' id='line_1_18' title="bbox 232 2716 1039 2807; baseline 0.014 -27"><span class='ocrx_word' id='word_1_105' title='bbox 232 2716 330 2782; x_wconf 84' lang='lat' dir='ltr'><strong>fauor</strong></span> <span class='ocrx_word' id='word_1_106' title='bbox 345 2739 368 2803; x_wconf 91' lang='lat' dir='ltr'>y</span> <span class='ocrx_word' id='word_1_107' title='bbox 384 2719 496 2804; x_wconf 85' lang='lat' dir='ltr'><strong>ayuda</strong></span> <span class='ocrx_word' id='word_1_108' title='bbox 511 2721 555 2788; x_wconf 91' lang='lat' dir='ltr'><strong>de</strong></span> <span class='ocrx_word' id='word_1_109' title='bbox 572 2721 615 2787; x_wconf 93' lang='lat' dir='ltr'><strong>V.</strong></span> <span class='ocrx_word' id='word_1_110' title='bbox 634 2720 703 2787; x_wconf 89' lang='lat' dir='ltr'><strong>md.</strong></span> <span class='ocrx_word' id='word_1_111' title='bbox 719 2744 742 2807; x_wconf 90' lang='lat' dir='ltr'>y</span> <span class='ocrx_word' id='word_1_112' title='bbox 758 2722 871 2789; x_wconf 91' lang='lat' dir='ltr'><strong>todos.</strong></span> <span class='ocrx_word' id='word_1_113' title='bbox 891 2722 1039 2790; x_wconf 60' lang='lat' dir='ltr'><strong>Amen.»</strong></span> 
     </span>
    </p>
   </div>
   <div class='ocr_carea' id='block_1_11' title="bbox 227 2871 437 2887">
    <p class='ocr_par' dir='ltr' id='par_1_11' title="bbox 227 2871 437 2887">
     <span class='ocr_line' id='line_1_19' title="bbox 227 2871 437 2887; baseline 0.01 -2"><span class='ocrx_word' id='word_1_114' title='bbox 227 2871 437 2887; x_wconf 73' lang='lat' dir='ltr'><strong>——n</strong></span> 
     </span>
    </p>
   </div>
   <div class='ocr_carea' id='block_1_12' title="bbox 278 2957 653 3032">
    <p class='ocr_par' dir='ltr' id='par_1_12' title="bbox 278 2957 653 3032">
     <span class='ocr_line' id='line_1_20' title="bbox 278 2957 653 3032; baseline 0.008 -21"><span class='ocrx_word' id='word_1_115' title='bbox 278 2972 291 3000; x_wconf 78' lang='lat'>²</span> <span class='ocrx_word' id='word_1_116' title='bbox 315 2957 372 3013; x_wconf 83' lang='lat' dir='ltr'><strong>Ter</strong></span> <span class='ocrx_word' id='word_1_117' title='bbox 384 2961 538 3032; x_wconf 80' lang='lat' dir='ltr'><strong>repetitur</strong></span> <span class='ocrx_word' id='word_1_118' title='bbox 552 2961 585 3015; x_wconf 81' lang='lat' dir='ltr'><strong>in</strong></span> <span class='ocrx_word' id='word_1_119' title='bbox 598 2977 653 3016; x_wconf 84' lang='lat' dir='ltr'><strong>ms.</strong></span> 
     </span>
    </p>
   </div>
   <div class='ocr_carea' id='block_1_13' title="bbox 226 3097 437 3109">
    <p class='ocr_par' dir='ltr' id='par_1_13' title="bbox 226 3097 437 3109">
     <span class='ocr_line' id='line_1_21' title="bbox 226 3097 437 3109; baseline 0.014 -3"><span class='ocrx_word' id='word_1_120' title='bbox 226 3097 437 3109; x_wconf 84' lang='lat'><strong>——.....</strong></span> 
     </span>
    </p>
   </div>
   <div class='ocr_carea' id='block_1_14' title="bbox 175 3177 1450 4766">
    <p class='ocr_par' dir='ltr' id='par_1_14' title="bbox 211 3177 1450 3520">
     <span class='ocr_line' id='line_1_22' title="bbox 279 3177 1450 3255; baseline 0.004 -22"><span class='ocrx_word' id='word_1_121' title='bbox 279 3179 290 3212; x_wconf 84' lang='lat'>¹</span> <span class='ocrx_word' id='word_1_122' title='bbox 326 3177 500 3251; x_wconf 87' lang='lat' dir='ltr'><strong>Scriptionis</strong></span> <span class='ocrx_word' id='word_1_123' title='bbox 513 3190 630 3255; x_wconf 88' lang='lat' dir='ltr'><strong>tempus</strong></span> <span class='ocrx_word' id='word_1_124' title='bbox 642 3189 724 3238; x_wconf 89' lang='lat' dir='ltr'><strong>certo</strong></span> <span class='ocrx_word' id='word_1_125' title='bbox 735 3179 891 3253; x_wconf 81' lang='lat' dir='ltr'><strong>designare</strong></span> <span class='ocrx_word' id='word_1_126' title='bbox 904 3197 962 3237; x_wconf 88' lang='lat' dir='ltr'><strong>non</strong></span> <span class='ocrx_word' id='word_1_127' title='bbox 972 3197 1137 3254; x_wconf 79' lang='lat' dir='ltr'><strong>possumns3</strong></span> <span class='ocrx_word' id='word_1_128' title='bbox 1148 3199 1215 3238; x_wconf 88' lang='lat' dir='ltr'><strong>cum</strong></span> <span class='ocrx_word' id='word_1_129' title='bbox 1228 3189 1327 3238; x_wconf 83' lang='lat' dir='ltr'><strong>tamen</strong></span> <span class='ocrx_word' id='word_1_130' title='bbox 1337 3184 1410 3238; x_wconf 86' lang='lat' dir='ltr'><strong>haec</strong></span> <span class='ocrx_word' id='word_1_131' title='bbox 1419 3183 1450 3238; x_wconf 87' lang='lat' dir='ltr'><strong>in</strong></span> 
     </span>
     <span class='ocr_line' id='line_1_23' title="bbox 226 3265 1450 3342; baseline 0.006 -22"><span class='ocrx_word' id='word_1_132' title='bbox 226 3265 362 3336; x_wconf 80' lang='lat' dir='ltr'><strong>Regestis</strong></span> <span class='ocrx_word' id='word_1_133' title='bbox 373 3267 557 3340; x_wconf 86' lang='lat' dir='ltr'><strong>reperiantur</strong></span> <span class='ocrx_word' id='word_1_134' title='bbox 569 3268 714 3342; x_wconf 84' lang='lat' dir='ltr'><strong>permixta</strong></span> <span class='ocrx_word' id='word_1_135' title='bbox 731 3269 796 3325; x_wconf 83' lang='lat' dir='ltr'><strong>aliis</strong></span> <span class='ocrx_word' id='word_1_136' title='bbox 814 3269 959 3341; x_wconf 83' lang='lat' dir='ltr'><strong>epistolis,</strong></span> <span class='ocrx_word' id='word_1_137' title='bbox 976 3266 1100 3327; x_wconf 83' lang='lat' dir='ltr'><strong>Octobri</strong></span> <span class='ocrx_word' id='word_1_138' title='bbox 1116 3286 1219 3326; x_wconf 87' lang='lat' dir='ltr'><strong>mense</strong></span> <span class='ocrx_word' id='word_1_139' title='bbox 1235 3269 1323 3340; x_wconf 83' lang='lat' dir='ltr'><strong>datis,</strong></span> <span class='ocrx_word' id='word_1_140' title='bbox 1342 3269 1450 3327; x_wconf 87' lang='lat' dir='ltr'><strong>idcirco</strong></span> 
     </span>
     <span class='ocr_line' id='line_1_24' title="bbox 211 3357 1447 3443; baseline 0.004 -32"><span class='ocrx_word' id='word_1_141' title='bbox 211 3357 259 3421; x_wconf 65' lang='lat' dir='ltr'><strong>=ad</strong></span> <span class='ocrx_word' id='word_1_142' title='bbox 272 3357 383 3414; x_wconf 86' lang='lat' dir='ltr'><strong>exitum</strong></span> <span class='ocrx_word' id='word_1_143' title='bbox 397 3357 476 3414; x_wconf 89' lang='lat' dir='ltr'><strong>illius</strong></span> <span class='ocrx_word' id='word_1_144' title='bbox 490 3361 599 3416; x_wconf 82' lang='lat' dir='ltr'>mensis</span> <span class='ocrx_word' id='word_1_145' title='bbox 613 3360 771 3434; x_wconf 78' lang='lat' dir='ltr'><strong>rejicimus3</strong></span> <span class='ocrx_word' id='word_1_146' title='bbox 785 3359 864 3434; x_wconf 90' lang='lat' dir='ltr'><strong>quod</strong></span> <span class='ocrx_word' id='word_1_147' title='bbox 875 3360 995 3433; x_wconf 90' lang='lat' dir='ltr'><strong>quidem</strong></span> <span class='ocrx_word' id='word_1_148' title='bbox 1008 3360 1097 3416; x_wconf 85' lang='lat' dir='ltr'><strong>etiam</strong></span> <span class='ocrx_word' id='word_1_149' title='bbox 1110 3360 1147 3416; x_wconf 91' lang='lat' dir='ltr'><strong>de</strong></span> <span class='ocrx_word' id='word_1_150' title='bbox 1160 3360 1353 3443; x_wconf 86' lang='lat' dir='ltr'><strong>sequentibus</strong></span> <span class='ocrx_word' id='word_1_151' title='bbox 1366 3363 1447 3417; x_wconf 88' lang='lat' dir='ltr'><strong>sche-</strong></span> 
     </span>
     <span class='ocr_line' id='line_1_25' title="bbox 219 3445 604 3520; baseline 0.01 -20"><span class='ocrx_word' id='word_1_152' title='bbox 219 3445 298 3502; x_wconf 91' lang='lat' dir='ltr'><strong>dulis</strong></span> <span class='ocrx_word' id='word_1_153' title='bbox 312 3447 535 3520; x_wconf 86' lang='lat' dir='ltr'><strong>intelligendum</strong></span> <span class='ocrx_word' id='word_1_154' title='bbox 549 3458 604 3506; x_wconf 85' lang='lat' dir='ltr'><strong>est.</strong></span> 
     </span>
    </p>

    <p class='ocr_par' dir='ltr' id='par_1_15' title="bbox 277 3535 1103 3612">
     <span class='ocr_line' id='line_1_26' title="bbox 277 3535 1103 3612; baseline 0.002 -22"><span class='ocrx_word' id='word_1_155' title='bbox 277 3536 283 3566; x_wconf 87' lang='lat'><strong>¹</strong></span> <span class='ocrx_word' id='word_1_156' title='bbox 322 3537 366 3591; x_wconf 85' lang='lat' dir='ltr'><strong>Ex</strong></span> <span class='ocrx_word' id='word_1_157' title='bbox 378 3535 480 3593; x_wconf 88' lang='lat' dir='ltr'><strong>codice</strong></span> <span class='ocrx_word' id='word_1_158' title='bbox 493 3539 611 3612; x_wconf 78' lang='lat' dir='ltr'><strong>Regesl.</strong></span> <span class='ocrx_word' id='word_1_159' title='bbox 627 3539 652 3604; x_wconf 83' lang='lat'><strong>1,</strong></span> <span class='ocrx_word' id='word_1_160' title='bbox 666 3537 717 3594; x_wconf 88' lang='grc'><strong>101.</strong></span> <span class='ocrx_word' id='word_1_161' title='bbox 734 3551 810 3610; x_wconf 88' lang='lat' dir='ltr'><strong>145r,</strong></span> <span class='ocrx_word' id='word_1_162' title='bbox 824 3554 912 3593; x_wconf 84' lang='lat' dir='ltr'><strong>mauu</strong></span> <span class='ocrx_word' id='word_1_163' title='bbox 924 3536 957 3592; x_wconf 89' lang='lat' dir='ltr'><strong>P.</strong></span> <span class='ocrx_word' id='word_1_164' title='bbox 972 3537 1103 3593; x_wconf 83' lang='lat' dir='ltr'><strong>Polanci.</strong></span> 
     </span>
    </p>

    <p class='ocr_par' dir='ltr' id='par_1_16' title="bbox 175 3625 1443 4226">
     <span class='ocr_line' id='line_1_27' title="bbox 273 3625 1440 3699; baseline 0.001 -20"><span class='ocrx_word' id='word_1_165' title='bbox 273 3627 283 3658; x_wconf 81' lang='lat'><strong>*</strong></span> <span class='ocrx_word' id='word_1_166' title='bbox 322 3625 440 3681; x_wconf 85' lang='lat' dir='ltr'><strong>Parisiis</strong></span> <span class='ocrx_word' id='word_1_167' title='bbox 458 3626 560 3681; x_wconf 91' lang='lat' dir='ltr'><strong>doctor</strong></span> <span class='ocrx_word' id='word_1_168' title='bbox 571 3627 687 3683; x_wconf 85' lang='lat' dir='ltr'><strong>Peralta</strong></span> <span class='ocrx_word' id='word_1_169' title='bbox 699 3635 823 3683; x_wconf 81' lang='lat' dir='ltr'><strong>noverat</strong></span> <span class='ocrx_word' id='word_1_170' title='bbox 839 3625 996 3698; x_wconf 81' lang='lat' dir='ltr'><strong>Ignatium,</strong></span> <span class='ocrx_word' id='word_1_171' title='bbox 1015 3643 1140 3699; x_wconf 89' lang='lat' dir='ltr'><strong>eumque</strong></span> <span class='ocrx_word' id='word_1_172' title='bbox 1157 3626 1242 3699; x_wconf 89' lang='lat' dir='ltr'><strong>sequi</strong></span> <span class='ocrx_word' id='word_1_173' title='bbox 1258 3625 1440 3683; x_wconf 84' lang='lat' dir='ltr'><strong>decreverat.</strong></span> 
     </span>
     <span class='ocr_line' id='line_1_28' title="bbox 175 3710 1441 3786; baseline 0.005 -22"><span class='ocrx_word' id='word_1_174' title='bbox 175 3723 177 3726; x_wconf 84' lang='lat'>·</span> <span class='ocrx_word' id='word_1_175' title='bbox 216 3710 398 3784; x_wconf 56' lang='lat' dir='ltr'><strong>Focaneus</strong></span> <span class='ocrx_word' id='word_1_176' title='bbox 414 3713 538 3781; x_wconf 64' lang='lat' dir='ltr'><strong>Chron„</strong></span> <span class='ocrx_word' id='word_1_177' title='bbox 553 3716 577 3784; x_wconf 83' lang='lat'><strong>1,</strong></span> <span class='ocrx_word' id='word_1_178' title='bbox 589 3729 634 3786; x_wconf 86' lang='lat'><strong>45.</strong></span> <span class='ocrx_word' id='word_1_179' title='bbox 650 3716 757 3772; x_wconf 84' lang='lat' dir='ltr'><strong>Postea</strong></span> <span class='ocrx_word' id='word_1_180' title='bbox 779 3723 877 3770; x_wconf 83' lang='lat' dir='ltr'><strong>tamen</strong></span> <span class='ocrx_word' id='word_1_181' title='bbox 890 3715 1035 3770; x_wconf 84' lang='lat' dir='ltr'><strong>ecclesiae</strong></span> <span class='ocrx_word' id='word_1_182' title='bbox 1049 3716 1194 3770; x_wconf 81' lang='lat' dir='ltr'><strong>toletanae</strong></span> <span class='ocrx_word' id='word_1_183' title='bbox 1214 3714 1308 3771; x_wconf 80' lang='lat' dir='ltr'><strong>factus</strong></span> <span class='ocrx_word' id='word_1_184' title='bbox 1326 3717 1441 3771; x_wconf 79' lang='lat' dir='ltr'><strong>canoni·</strong></span> 
     </span>
     <span class='ocr_line' id='line_1_29' title="bbox 213 3800 1442 3876; baseline 0.005 -22"><span class='ocrx_word' id='word_1_185' title='bbox 213 3815 277 3867; x_wconf 86' lang='lat' dir='ltr'><strong>cns,</strong></span> <span class='ocrx_word' id='word_1_186' title='bbox 291 3809 437 3858; x_wconf 82' lang='lat' dir='ltr'><strong>nostrates</strong></span> <span class='ocrx_word' id='word_1_187' title='bbox 450 3821 549 3859; x_wconf 86' lang='lat' dir='ltr'><strong>amore</strong></span> <span class='ocrx_word' id='word_1_188' title='bbox 562 3812 734 3876; x_wconf 86' lang='lat' dir='ltr'><strong>prosecutus</strong></span> <span class='ocrx_word' id='word_1_189' title='bbox 747 3814 803 3860; x_wconf 85' lang='lat' dir='ltr'><strong>est.</strong></span> <span class='ocrx_word' id='word_1_190' title='bbox 818 3800 904 3860; x_wconf 85' lang='lat' dir='ltr'><strong>Illum</strong></span> <span class='ocrx_word' id='word_1_191' title='bbox 917 3803 1067 3859; x_wconf 89' lang='lat' dir='ltr'><strong>doctorem</strong></span> <span class='ocrx_word' id='word_1_192' title='bbox 1080 3803 1196 3859; x_wconf 83' lang='lat' dir='ltr'><strong>Peralta</strong></span> <span class='ocrx_word' id='word_1_193' title='bbox 1209 3803 1318 3876; x_wconf 86' lang='lat' dir='ltr'><strong>passim</strong></span> <span class='ocrx_word' id='word_1_194' title='bbox 1337 3813 1442 3860; x_wconf 83' lang='lat' dir='ltr'><strong>vocant</strong></span> 
     </span>
     <span class='ocr_line' id='line_1_30' title="bbox 215 3889 1442 3966; baseline 0.004 -23"><span class='ocrx_word' id='word_1_195' title='bbox 215 3889 372 3961; x_wconf 84' lang='lat' dir='ltr'><strong>scriptores</strong></span> <span class='ocrx_word' id='word_1_196' title='bbox 386 3893 489 3963; x_wconf 83' lang='lat' dir='ltr'><strong>nostri,</strong></span> <span class='ocrx_word' id='word_1_197' title='bbox 503 3891 620 3948; x_wconf 89' lang='lat' dir='ltr'><strong>nomine</strong></span> <span class='ocrx_word' id='word_1_198' title='bbox 639 3893 731 3966; x_wconf 91' lang='lat' dir='ltr'><strong>ipsius</strong></span> <span class='ocrx_word' id='word_1_199' title='bbox 750 3893 967 3965; x_wconf 85' lang='lat' dir='ltr'><strong>praetermisso;</strong></span> <span class='ocrx_word' id='word_1_200' title='bbox 986 3891 1039 3947; x_wconf 89' lang='lat' dir='ltr'><strong>sed</strong></span> <span class='ocrx_word' id='word_1_201' title='bbox 1056 3893 1132 3948; x_wconf 88' lang='lat' dir='ltr'><strong>inter</strong></span> <span class='ocrx_word' id='word_1_202' title='bbox 1150 3909 1212 3961; x_wconf 88' lang='lat' dir='ltr'><strong>eos,</strong></span> <span class='ocrx_word' id='word_1_203' title='bbox 1230 3891 1281 3965; x_wconf 89' lang='lat' dir='ltr'><strong>qul</strong></span> <span class='ocrx_word' id='word_1_204' title='bbox 1299 3891 1442 3948; x_wconf 87' lang='lat' dir='ltr'><strong>institutis</strong></span> 
     </span>
     <span class='ocr_line' id='line_1_31' title="bbox 214 3977 1442 4054; baseline 0.006 -24"><span class='ocrx_word' id='word_1_205' title='bbox 214 3977 427 4053; x_wconf 88' lang='lat' dir='ltr'><strong>archiepiscopi</strong></span> <span class='ocrx_word' id='word_1_206' title='bbox 440 3979 553 4050; x_wconf 74' lang='lat' dir='ltr'><strong>silicet,</strong></span> <span class='ocrx_word' id='word_1_207' title='bbox 572 3999 624 4054; x_wconf 91' lang='lat' dir='ltr'><strong>pro</strong></span> <span class='ocrx_word' id='word_1_208' title='bbox 642 3981 767 4038; x_wconf 84' lang='lat' dir='ltr'><strong>ecclesia</strong></span> <span class='ocrx_word' id='word_1_209' title='bbox 779 3983 909 4037; x_wconf 83' lang='lat' dir='ltr'><strong>toletana</strong></span> <span class='ocrx_word' id='word_1_210' title='bbox 927 3981 1026 4051; x_wconf 89' lang='lat' dir='ltr'><strong>editis,</strong></span> <span class='ocrx_word' id='word_1_211' title='bbox 1039 3981 1223 4049; x_wconf 85' lang='lat' dir='ltr'><strong>restiterunt,</strong></span> <span class='ocrx_word' id='word_1_212' title='bbox 1237 3981 1315 4037; x_wconf 89' lang='lat' dir='ltr'><strong>illius</strong></span> <span class='ocrx_word' id='word_1_213' title='bbox 1334 3997 1442 4037; x_wconf 87' lang='lat' dir='ltr'><strong>nomen</strong></span> 
     </span>
     <span class='ocr_line' id='line_1_32' title="bbox 214 4065 1443 4142; baseline 0.005 -24"><span class='ocrx_word' id='word_1_214' title='bbox 214 4065 332 4139; x_wconf 80' lang='lat' dir='ltr'><strong>legitur,</strong></span> <span class='ocrx_word' id='word_1_215' title='bbox 346 4067 449 4123; x_wconf 89' lang='lat' dir='ltr'><strong>doctor</strong></span> <span class='ocrx_word' id='word_1_216' title='bbox 461 4069 566 4125; x_wconf 90' lang='lat' dir='ltr'><strong>Petrus</strong></span> <span class='ocrx_word' id='word_1_217' title='bbox 580 4070 617 4125; x_wconf 91' lang='lat' dir='ltr'><strong>de</strong></span> <span class='ocrx_word' id='word_1_218' title='bbox 630 4070 755 4125; x_wconf 87' lang='lat' dir='ltr'><strong>Peralta.</strong></span> <span class='ocrx_word' id='word_1_219' title='bbox 770 4070 869 4142; x_wconf 79' lang='lat' dir='ltr'><strong>Epist.</strong></span> <span class='ocrx_word' id='word_1_220' title='bbox 883 4069 1009 4134; x_wconf 76' lang='lat' dir='ltr'><strong>Mixtus,</strong></span> <span class='ocrx_word' id='word_1_221' title='bbox 1030 4069 1067 4139; x_wconf 88' lang='lat'><strong>11,</strong></span> <span class='ocrx_word' id='word_1_222' title='bbox 1086 4067 1149 4138; x_wconf 79' lang='lat'>2833</span> <span class='ocrx_word' id='word_1_223' title='bbox 1163 4069 1261 4142; x_wconf 71' lang='lat' dir='ltr'><strong>Epist.</strong></span> <span class='ocrx_word' id='word_1_224' title='bbox 1280 4070 1318 4124; x_wconf 90' lang='lat' dir='ltr'><strong>P.</strong></span> <span class='ocrx_word' id='word_1_225' title='bbox 1333 4070 1443 4124; x_wconf 82' lang='lat' dir='ltr'><strong>Hiero·</strong></span> 
     </span>
     <span class='ocr_line' id='line_1_33' title="bbox 215 4155 1137 4226; baseline 0.011 -18"><span class='ocrx_word' id='word_1_226' title='bbox 215 4157 298 4224; x_wconf 83' lang='lat' dir='ltr'><strong>nymi</strong></span> <span class='ocrx_word' id='word_1_227' title='bbox 311 4155 424 4223; x_wconf 85' lang='lat' dir='ltr'><strong>Nadal,</strong></span> <span class='ocrx_word' id='word_1_228' title='bbox 439 4159 462 4226; x_wconf 89' lang='lat'><strong>1,</strong></span> <span class='ocrx_word' id='word_1_229' title='bbox 477 4157 540 4214; x_wconf 81' lang='lat'>233.</span> <span class='ocrx_word' id='word_1_230' title='bbox 1134 4209 1137 4218; x_wconf 91' lang='lat'>.</span> 
     </span>
    </p>

    <p class='ocr_par' dir='ltr' id='par_1_17' title="bbox 212 4243 1440 4478">
     <span class='ocr_line' id='line_1_34' title="bbox 268 4243 1439 4319; baseline -0.001 -20"><span class='ocrx_word' id='word_1_231' title='bbox 268 4245 279 4276; x_wconf 81' lang='lat'>³</span> <span class='ocrx_word' id='word_1_232' title='bbox 316 4246 510 4315; x_wconf 80' lang='lat' dir='ltr'><strong>Quandonam</strong></span> <span class='ocrx_word' id='word_1_233' title='bbox 523 4247 553 4303; x_wconf 92' lang='lat' dir='ltr'><strong>hi</strong></span> <span class='ocrx_word' id='word_1_234' title='bbox 567 4265 669 4302; x_wconf 86' lang='lat' dir='ltr'><strong>versus</strong></span> <span class='ocrx_word' id='word_1_235' title='bbox 683 4247 783 4319; x_wconf 84' lang='lat' dir='ltr'><strong>scripti</strong></span> <span class='ocrx_word' id='word_1_236' title='bbox 797 4255 876 4318; x_wconf 89' lang='lat' dir='ltr'><strong>sunt,</strong></span> <span class='ocrx_word' id='word_1_237' title='bbox 890 4247 990 4302; x_wconf 86' lang='lat' dir='ltr'><strong>dicere</strong></span> <span class='ocrx_word' id='word_1_238' title='bbox 1003 4255 1084 4302; x_wconf 88' lang='lat' dir='ltr'><strong>certo</strong></span> <span class='ocrx_word' id='word_1_239' title='bbox 1102 4263 1161 4301; x_wconf 91' lang='lat' dir='ltr'><strong>non</strong></span> <span class='ocrx_word' id='word_1_240' title='bbox 1179 4245 1331 4302; x_wconf 81' lang='lat' dir='ltr'><strong>sudemus:</strong></span> <span class='ocrx_word' id='word_1_241' title='bbox 1351 4243 1439 4304; x_wconf 76' lang='lat' dir='ltr'><strong>Octo</strong></span> 
     </span>
     <span class='ocr_line' id='line_1_35' title="bbox 214 4329 1440 4407; baseline 0.004 -23"><span class='ocrx_word' id='word_1_242' title='bbox 214 4329 259 4384; x_wconf 88' lang='lat' dir='ltr'><strong>bri</strong></span> <span class='ocrx_word' id='word_1_243' title='bbox 272 4349 373 4388; x_wconf 88' lang='lat' dir='ltr'><strong>mense</strong></span> <span class='ocrx_word' id='word_1_244' title='bbox 386 4335 555 4390; x_wconf 87' lang='lat' dir='ltr'><strong>schedulam</strong></span> <span class='ocrx_word' id='word_1_245' title='bbox 565 4335 662 4392; x_wconf 84' lang='lat' dir='ltr'><strong>datam</strong></span> <span class='ocrx_word' id='word_1_246' title='bbox 676 4353 742 4392; x_wconf 84' lang='lat' dir='ltr'><strong>esse</strong></span> <span class='ocrx_word' id='word_1_247' title='bbox 755 4335 958 4392; x_wconf 83' lang='lat' dir='ltr'><strong>existimamus</strong></span> <span class='ocrx_word' id='word_1_248' title='bbox 971 4337 1010 4391; x_wconf 95' lang='lat' dir='ltr'><strong>ob</strong></span> <span class='ocrx_word' id='word_1_249' title='bbox 1022 4353 1140 4391; x_wconf 84' lang='lat' dir='ltr'><strong>causam</strong></span> <span class='ocrx_word' id='word_1_250' title='bbox 1153 4334 1302 4407; x_wconf 74' lang='lat' dir='ltr'><strong>supedore</strong></span> <span class='ocrx_word' id='word_1_251' title='bbox 1315 4333 1440 4406; x_wconf 85' lang='lat' dir='ltr'><strong>epistola</strong></span> 
     </span>
     <span class='ocr_line' id='line_1_36' title="bbox 212 4419 378 4478; baseline 0.03 -6"><span class='ocrx_word' id='word_1_252' title='bbox 212 4419 378 4478; x_wconf 86' lang='lat' dir='ltr'><strong>adductam.</strong></span> 
     </span>
    </p>

    <p class='ocr_par' dir='ltr' id='par_1_18' title="bbox 208 4509 1438 4766">
     <span class='ocr_line' id='line_1_37' title="bbox 266 4509 1436 4586; baseline 0.001 -22"><span class='ocrx_word' id='word_1_253' title='bbox 266 4512 274 4543; x_wconf 93' lang='lat'><strong>¹</strong></span> <span class='ocrx_word' id='word_1_254' title='bbox 311 4509 356 4564; x_wconf 85' lang='lat' dir='ltr'><strong>Ex</strong></span> <span class='ocrx_word' id='word_1_255' title='bbox 368 4511 545 4568; x_wconf 85' lang='lat' dir='ltr'><strong>adversariis</strong></span> <span class='ocrx_word' id='word_1_256' title='bbox 562 4513 751 4586; x_wconf 77' lang='lat' dir='ltr'><strong>autographis</strong></span> <span class='ocrx_word' id='word_1_257' title='bbox 771 4512 804 4570; x_wconf 91' lang='lat' dir='ltr'><strong>P.</strong></span> <span class='ocrx_word' id='word_1_258' title='bbox 824 4512 956 4580; x_wconf 90' lang='lat' dir='ltr'><strong>Polanci,</strong></span> <span class='ocrx_word' id='word_1_259' title='bbox 975 4513 1006 4568; x_wconf 91' lang='lat' dir='ltr'><strong>in</strong></span> <span class='ocrx_word' id='word_1_260' title='bbox 1018 4512 1121 4568; x_wconf 90' lang='lat' dir='ltr'><strong>codice</strong></span> <span class='ocrx_word' id='word_1_261' title='bbox 1141 4511 1240 4584; x_wconf 78' lang='lat' dir='ltr'><strong>Epist.</strong></span> <span class='ocrx_word' id='word_1_262' title='bbox 1259 4511 1388 4567; x_wconf 81' lang='lat' dir='ltr'><strong>Polanci</strong></span> <span class='ocrx_word' id='word_1_263' title='bbox 1399 4528 1436 4567; x_wconf 81' lang='lat' dir='ltr'><strong>ex</strong></span> 
     </span>
     <span class='ocr_line' id='line_1_38' title="bbox 208 4598 1438 4676; baseline 0.002 -24"><span class='ocrx_word' id='word_1_264' title='bbox 208 4611 328 4664; x_wconf 65' lang='lat' dir='ltr'><strong>comm„</strong></span> <span class='ocrx_word' id='word_1_265' title='bbox 347 4600 434 4655; x_wconf 91' lang='lat' dir='ltr'><strong>unico</strong></span> <span class='ocrx_word' id='word_1_266' title='bbox 456 4599 536 4672; x_wconf 83' lang='lat' dir='ltr'><strong>lolio,</strong></span> <span class='ocrx_word' id='word_1_267' title='bbox 554 4619 583 4658; x_wconf 89' lang='lat' dir='ltr'><strong>n.</strong></span> <span class='ocrx_word' id='word_1_268' title='bbox 603 4601 649 4672; x_wconf 89' lang='lat'><strong>61,</strong></span> <span class='ocrx_word' id='word_1_269' title='bbox 668 4601 747 4674; x_wconf 85' lang='lat' dir='ltr'><strong>prius</strong></span> <span class='ocrx_word' id='word_1_270' title='bbox 769 4602 815 4672; x_wconf 83' lang='grc'><strong>64.</strong></span> <span class='ocrx_word' id='word_1_271' title='bbox 835 4603 869 4658; x_wconf 90' lang='lat' dir='ltr'><strong>In</strong></span> <span class='ocrx_word' id='word_1_272' title='bbox 891 4603 1011 4676; x_wconf 77' lang='lat' dir='ltr'><strong>Regest.</strong></span> <span class='ocrx_word' id='word_1_273' title='bbox 1030 4601 1055 4670; x_wconf 87' lang='lat' dir='ltr'><strong>I,</strong></span> <span class='ocrx_word' id='word_1_274' title='bbox 1074 4601 1126 4657; x_wconf 81' lang='lat' dir='ltr'><strong>iol.</strong></span> <span class='ocrx_word' id='word_1_275' title='bbox 1147 4612 1221 4671; x_wconf 84' lang='lat' dir='ltr'><strong>145r,</strong></span> <span class='ocrx_word' id='word_1_276' title='bbox 1241 4606 1338 4655; x_wconf 84' lang='lat' dir='ltr'><strong>exstat</strong></span> <span class='ocrx_word' id='word_1_277' title='bbox 1360 4598 1438 4655; x_wconf 86' lang='lat' dir='ltr'><strong>illius</strong></span> 
     </span>
     <span class='ocr_line' id='line_1_39' title="bbox 210 4687 970 4766; baseline 0.008 -26"><span class='ocrx_word' id='word_1_278' title='bbox 210 4687 425 4759; x_wconf 86' lang='lat' dir='ltr'><strong>compendium,</strong></span> <span class='ocrx_word' id='word_1_279' title='bbox 440 4689 518 4762; x_wconf 90' lang='lat' dir='ltr'><strong>quod</strong></span> <span class='ocrx_word' id='word_1_280' title='bbox 531 4692 587 4747; x_wconf 87' lang='lat' dir='ltr'><strong>sub</strong></span> <span class='ocrx_word' id='word_1_281' title='bbox 599 4690 688 4766; x_wconf 86' lang='lat' dir='ltr'><strong>finem</strong></span> <span class='ocrx_word' id='word_1_282' title='bbox 701 4691 844 4764; x_wconf 83' lang='lat' dir='ltr'><strong>epistolae</strong></span> <span class='ocrx_word' id='word_1_283' title='bbox 856 4691 970 4747; x_wconf 71' lang='grc'><strong>(100000.</strong></span> 
     </span>
    </p>
   </div>
   <div class='ocr_carea' id='block_1_15' title="bbox 0 0 1831 5400">
    <p class='ocr_par' dir='ltr' id='par_1_19' title="bbox 0 0 1831 5400">
     <span class='ocr_line' id='line_1_40' title="bbox 0 0 1831 5400; baseline 0 0"><span class='ocrx_word' id='word_1_284' title='bbox 0 0 1831 5400; x_wconf 95' lang='lat' dir='ltr'><strong> </strong></span> 
     </span>
    </p>
   </div>
  </div>
 </body>
</html>
