3625 5400
417 584 423 597 ι
527 504 630 559 Ειιει.
650 500 786 559 238.-1o
804 504 1042 575 Jauuanu1548

746 658 821 738 2³8
1228 716 1231 723 -

247 842 249 847 ,
275 788 278 796 ’
351 790 505 857 PATER
529 789 710 857 PETRUS
734 788 949 858 CANISIUS
971 790 1034 857 EX
1062 790 1215 877 COMM.

597 902 764 961 RUARDO
787 902 971 963 TAPPERO

560 1014 649 1057 aona
671 1012 705 1055 ιο
722 1014 868 1067 Jnnuann
888 1002 958 1071 1548
982 1006 1007 1056 ¹.

166 1116 296 1173 Gratiis
312 1118 448 1190 Topparo
457 1118 542 1181 actis,
551 1120 631 1188 qnod
640 1117 784 1174 Societati
792 1118 925 1173 amicum
935 1122 964 1173 et
970 1122 1137 1190 patronum
1147 1119 1200 1175 ille
1208 1120 1398 1192 sepracbear,
1411 1129 1415 1136 ’

229 1205 371 1268 Gonisius
384 1206 502 1279 Ignatii
513 1208 635 1262 nomine
645 1207 766 1279 exponit
778 1224 833 1261 cur
846 1212 937 1262 nrrtea
949 1208 1066 1263 wdaies
1077 1209 1195 1280 aliquot
1204 1210 1332 1264 Romam
1348 1210 1399 1265 Le-

210 1284 215 1295 *
226 1296 318 1351 vanio
327 1295 389 1350 sint
397 1297 522 1360 evocati,
534 1304 670 1367 nuncque
679 1296 739 1351 alii
746 1300 916 1361 evocentur,
925 1298 958 1351 in
968 1295 1168 1353 Germaniam
1178 1301 1277 1354 denuo
1286 1300 1399 1355 reditu-

228 1384 483 1455 ri.-Tupperum
503 1388 593 1458 rogat
613 1389 646 1439 nt
663 1387 716 1440 hoc
729 1385 847 1458 Ignatii
863 1384 1024 1440 eonsilium
1042 1388 1132 1458 aequi
1147 1388 1273 1459 bonique
1283 1386 1400 1461 saciat·

224 1472 333 1527 deinde
346 1474 421 1527 utin
432 1472 530 1527 locum
544 1471 692 1527 Gaudent
700 1474 825 1528 iduum
834 1471 948 1544 aliquis
956 1473 1141 1547 sufficiatur,
1151 1477 1206 1547 qui
1220 1492 1327 1530 curam
1336 1476 1397 1532 ber·

224 1563 367 1633 gelasium
378 1566 480 1634 gerat.

721 1681 847 1768 Jhesus

242 1814 442 1880 Reuerendo
457 1812 640 1899 plurimum
656 1823 691 1879 et
706 1812 828 1881 eximie
845 1816 888 1879 D.
912 1816 1125 1882 cancellarie.

241 1926 361 1995 Gratia
376 1938 411 1994 et
426 1950 492 2014 pax
506 1929 541 1994 d.
560 1928 667 1995 nostri
683 1931 791 2016 Jhesu
813 1915 942 1996 Christi
963 1929 1062 1997 nobis
1081 1931 1296 1999 continenter
1311 1930 1397 1998 assi-

174 2054 255 2122 stat,
274 2041 308 2109 in
329 2042 428 2109 nobis
449 2042 630 2112 efficaciter
650 2054 742 2129 agat,
766 2053 800 2109 et
821 2046 865 2110 ad
887 2044 1092 2131 perfectiora
1111 2045 1313 2113 charismata
1335 2067 1399 2111 nos

176 2157 285 2224 indies
300 2160 480 2244 prouehat.
501 2159 624 2225 Amen.

243 2274 446 2359 Complures
461 2296 545 2341 sane
560 2272 626 2339 iam
642 2270 722 2341 anni
734 2284 828 2357 sunt,
841 2274 967 2359 quibus
978 2297 1034 2344 me
1045 2276 1202 2362 quamuis
1213 2275 1397 2344 immeren-

179 2400 258 2469 tem,
281 2400 317 2454 et
339 2390 459 2457 iratres
478 2388 513 2454 in
535 2390 673 2457 Christo
693 2412 800 2469 meoS,
819 2400 854 2458 et
869 2412 1003 2459 omnem
1020 2392 1159 2459 demum
1180 2392 1270 2459 hanc
1288 2393 1396 2480 Jhesu

176 2503 373 2573 societatem
385 2502 538 2590 'impense
554 2504 665 2593 diligit
681 2507 724 2574 R.
740 2506 774 2571 d.
794 2516 819 2571 t.
837 2517 852 2545 ⁸
867 2505 1007 2593 suisque
1020 2507 1137 2573 multis
1148 2517 1183 2576 et
1194 2505 1329 2593 magnis
1343 2507 1408 2572 oi-⁴

177 2620 262 2706 ficijs
278 2640 342 2686 nos
358 2619 516 2706 prosequi
532 2622 677 2687 necdum
693 2619 829 2688 desiuit:
849 2621 979 2689 amicus
993 2621 1152 2688 nimirum
1163 2621 1348 2688 fidissimus
1362 2633 1398 2688 et

175 2746 339 2820 patronus
356 2746 473 2802 noster
488 2735 564 2802 istic
580 2735 745 2804 maximus
760 2738 784 2803 ¹.
800 2739 1018 2824 Quapropter
1028 2748 1199 2825 quotquot
1209 2737 1264 2804 hic
1279 2759 1399 2805 sumus
1488 2769 1496 2787 ·

229 2958 243 2984 ι
260 2941 433 2996 Reuerenda
446 2941 605 2996 dominatio
619 2948 678 2996 tua.

231 3120 238 3152 ¹
276 3119 360 3175 Hanc
373 3118 526 3191 epistolam
538 3118 624 3174 simul
637 3135 703 3174 cum
717 3120 964 3193 annotationibus,
979 3120 1086 3176 litteris
1099 3138 1127 3188 a,
1145 3123 1174 3192 b,
1193 3138 1243 3176 c...
1261 3121 1399 3192 signatis,

172 3209 356 3266 desumimus
369 3225 406 3262 ex
419 3224 507 3280 opere
521 3207 610 3263 toties
626 3207 727 3277 citato,
746 3209 1013 3280 Bonuasuunoun,
1031 3211 1123 3265 Beati
1140 3210 1227 3265 Petri
1245 3209 1399 3267 Canis-ii...

167 3297 319 3370 epistulae
331 3301 360 3352 et
373 3301 451 3361 aeta,
466 3305 487 3352 t.
503 3297 527 3366 I,
542 3314 623 3388 page.
639 3297 766 3368 asp-261.
778 3299 822 3352 Ex
832 3297 884 3352 illo
893 3297 982 3353 etiam
992 3299 1067 3353 hanc
1077 3305 1243 3353 mutuamus
1253 3298 1399 3370 notitiam,

172 3387 314 3460 epistolae
326 3386 494 3459 praefixam:
510 3385 571 3440 «Ex
584 3387 751 3458 apographo
769 3385 902 3441 eiusdem
916 3386 1056 3458 temporis
1072 3389 1127 3453 (a)
1144 3387 1236 3459 min.';⁴
1246 3404 1294 3459 pp.
1308 3401 1337 3457 23
1355 3387 1398 3444 in-

62 3539 65 3547 ·
172 3476 292 3550 scriptio
308 3475 415 3544 deest);
433 3474 512 3548 quod
530 3475 609 3530 Socii
626 3474 814 3531 lovanienses
831 3475 1051 3532 coloniensibus
1068 3475 1184 3532 misisse
1197 3476 1345 3546 videntum
1364 3476 1398 3532 ll-

172 3565 287 3622 brarius
300 3564 330 3621 in
343 3581 456 3620 summa
470 3563 575 3635 pagina
588 3564 684 3636 priore
698 3563 825 3636 scripsit:
841 3564 945 3637 ‘Copia
963 3564 1113 3645 literarum
1125 3567 1164 3620 D.
1183 3566 1262 3622 Petri
1282 3565 1397 3638 Kanisij

168 3655 209 3710 ad
222 3657 259 3710 D.
273 3653 488 3711 Cancellarium
511 3653 724 3708 Louaniensem
747 3653 865 3709 nomine
886 3653 1045 3726 praepositi
1063 3654 1192 3726 Ignatii’.
1207 3653 1270 3710 Ccd
1287 3656 1394 3710 colone

170 3744 255 3801 ⁴Litt.
270 3744 376 3816 Epistt.
391 3744 465 3798 var!
479 3740 500 3797 i.
514 3740 549 3812 35
562 3750 593 3797 et
610 3759 654 3815 sq.
672 3759 731 3797 non
748 3742 866 3814 signato
884 3741 984 3816 [quem
1000 3742 1134 3799 codicem
1146 3759 1200 3800 nos
1217 3744 1398 3816 appellamus

166 3835 237 3890 eod.
254 3833 357 3890 Calon.
371 3833 433 3902 III,
445 3841 476 3888 et
488 3831 518 3888 in
532 3831 689 3887 recentiori
701 3830 837 3887 foliorum
854 3831 933 3888 illius
949 3832 1102 3888 notatione
1105 3833 1250 3906 ,epistola
1267 3833 1400 3904 signatur

172 3942 224 3979 nn.
237 3939 273 3995 44
286 3932 316 3979 et
328 3924 384 3994 45].
398 3921 530 3994 Epistula
543 3937 614 3976 usus
627 3929 673 3976 est
690 3919 828 3985 Goihein,
842 3923 862 3976 l.
876 3937 902 3978 c.
916 3921 1054 3994 [scilicet
1063 3922 1206 3995 Ignotius
1218 3940 1277 3977 oon
1290 3922 1399 3993 Loyola

169 4015 241 4068 und
250 4011 299 4068 die
315 4009 635 4084 Gegenreformatron]
648 4027 677 4080 p
690 4008 755 4079 347.
768 4021 831 4079 741.
836 4029 850 4062 v
1245 4030 1278 4060 n.

227 4102 309 4156 Haec
327 4108 440 4156 tantum
462 4098 569 4154 duom
590 4097 782 4154 describenda
800 4098 926 4170 epistola
940 4098 1126 4154 mutavimus:
1144 4098 1281 4170 primum,
1295 4098 1398 4154 littera
1492 4107 1496 4116 ·

169 4194 238 4247 ‹an
252 4207 304 4263 pro
317 4188 370 4244 ndn
384 4189 430 4244 usi
448 4205 549 4244 sumus
566 4188 596 4243 in
614 4187 732 4243 nomine
751 4188 879 4256 «neuen
897 4189 1034 4258 alterum,
1047 4188 1201 4259 epistolam
1218 4187 1249 4242 in
1266 4183 1399 4243 di'v'ersos

175 4281 371 4352 paragraphus
384 4277 549 4334 divisimus.
1346 4291 1349 4299 ·

227 4373 238 4405 ¹
275 4370 345 4424 Erat
356 4365 490 4442 Ruardus
503 4365 654 4437 Tapperus
667 4364 834 4420 academiae
848 4362 1027 4440 lovaniensis
1038 4362 1241 4430 cancellarius,
1251 4363 1398 4419 decanus·

175 4475 232 4532 que
245 4456 388 4513 ecclesiae
401 4454 563 4525 collegiatis
575 4454 607 4510 S.
620 4453 711 4521 Petri,
721 4453 758 4508 de
771 4469 830 4525 quo
843 4452 917 4523 viro,
929 4453 980 4524 qui
993 4468 1099 4520 magno
1111 4451 1210 4506 studio
1217 4451 1278 4523 jam
1288 4452 1399 4524 pridem'
1424 4529 1427 4537 Ι

171 4548 355 4604 Societatem
378 4546 495 4600 amabat
515 4559 550 4599 ac
571 4545 724 4612 tuebatur,
747 4542 819 4597 alibi
842 4542 920 4597 haud
941 4543 1032 4596 semel
1055 4540 1195 4596 diximus.
1219 4540 1439 4614 Focaneus*

176 4637 300 4701 Chrom,
315 4635 339 4706 1,
356 4646 416 4704 115,
430 4649 522 4704 agens
534 4631 571 4688 de
584 4632 672 4688 sociis
685 4631 840 4687 Francisco
853 4629 890 4686 de
903 4630 1027 4686 Estrada
1039 4637 1071 4685 et
1084 4629 1202 4686 Andrea
1213 4630 1252 4687 de
1275 4629 1401 4702 Oviedo,
1427 4648 1430 4655 ·

172 4725 298 4782 uranii
314 4723 382 4794 1543
392 4721 650 4791 commorantibus,
662 4722 714 4778 ait:
726 4720 850 4793 «Coepit
859 4729 958 4778 autem
968 4719 1085 4788 strada,
1094 4719 1165 4776 dum
1175 4721 1282 4778 litteris
1294 4719 1410 4776 dabant
