3625 5400
434 522 489 580 45⁰
813 512 1020 568 nonnarum
1040 509 1216 566 laustinus

398 663 499 732 ritate
525 675 629 750 atque
648 662 657 704 ¹
676 663 863 745 alacritate,
889 665 1110 749 fructumque
1132 662 1308 751 copiosum
1332 663 1367 729 in
1389 661 1536 731 ecclesia
1558 660 1624 729 Dei

396 779 639 867 omnipotentis
654 800 733 846 cum
749 779 825 849 eius
839 778 952 866 gratia
966 777 1152 847 contulisti.

462 897 579 981 Quare
595 897 640 964 de
654 895 804 983 Spiritus
819 894 931 962 sancti
947 894 1161 981 benignitate
1176 905 1212 964 et
1226 893 1370 962 consilio
1386 892 1519 972 confisi,
1538 903 1571 960 te
1587 892 1623 958 in

394 1010 543 1100 primurn
559 1010 791 1098 praepositum
806 1009 1056 1098 prouincialem
1071 1010 1170 1097 regni
1184 1009 1193 1060 l
1214 1008 1459 1097 Portugalliae,
1481 1018 1623 1096 aposto-

393 1126 459 1193 lica
474 1126 691 1208 auctoritate,
709 1126 804 1194 iuxta
826 1136 962 1194 nostras
982 1125 1245 1196 constitutiones
1263 1145 1419 1220 creamus
1436 1135 1539 1211 atque
1559 1125 1622 1192 de-

392 1255 567 1329 putamus,
597 1253 820 1328 creatumque
847 1262 888 1309 ac
914 1242 1116 1329 deputatum
1139 1241 1399 1320 kdeclaramus,
1427 1241 1463 1306 in
1483 1239 1623 1308 nomine

394 1358 519 1437 Patris,
538 1369 573 1427 et
588 1357 677 1439 Filii,
695 1368 730 1427 et
746 1357 896 1444 Spiritus
911 1358 1032 1428 sancti.
1051 1360 1177 1429 Amen.

459 1476 573 1542 Tuum
590 1473 654 1544 erit
670 1474 706 1542 in
720 1474 860 1542 Christo
870 1477 969 1564 Jesu,
988 1486 1026 1541 ut
1041 1497 1102 1562 per
1115 1473 1312 1542 huiusmodi
1328 1471 1478 1540 officium
1490 1473 1535 1539 ad
1546 1493 1620 1539 am-

392 1589 532 1677 pliorem
548 1589 613 1659 Dei
630 1590 779 1675 laudern,
796 1612 836 1659 ac
857 1590 1051 1659 uberiorem
1074 1592 1224 1657 fructum
1244 1588 1394 1677 plurium
1414 1588 1617 1668 animarum,

391 1726 480 1792 quae
496 1704 557 1772 tibi
573 1707 831 1775 commendatae
845 1715 928 1772 sunt
944 1705 979 1772 in
995 1705 1155 1787 Domino,
1178 1723 1214 1772 et
1228 1704 1236 1746 ¹
1255 1706 1300 1774 ad
1319 1726 1537 1774 communem
1555 1725 1618 1791 po-

390 1819 462 1906 puli
477 1820 760 1904 aedificationem,
778 1796 945 1891 talentum
957 1821 1101 1890 coelitus
1113 1831 1291 1908 acceptum
1303 1821 1478 1908 expendas
1489 1819 1619 1887 fidelis-

390 1935 488 2021 sime,
507 1948 610 2023 teque
626 1947 735 2005 totum
748 1959 827 2004 cum
842 1938 955 2026 gratia
971 1938 1101 2020 diuina,
1114 1959 1216 2024 quam
1227 1936 1464 2006 strenuissime
1475 1935 1616 2024 poteris,

389 2072 524 2138 semper
539 2051 701 2121 exerceas
715 2052 751 2120 in
766 2053 905 2121 Christo
916 2056 1000 2142 Jesu
1016 2053 1156 2121 domino
1171 2063 1302 2121 nostr0.

455 2169 584 2234 Datum
599 2181 621 2208 ¹²¹
637 2170 766 2237 Romae
782 2169 817 2235 in
832 2168 975 2236 aedibus
992 2181 1109 2237 nostre
1124 2167 1222 2236 solite
1239 2166 1461 2235 habitationis
1477 2178 1503 2246 ¹¹,
1524 2187 1616 2233 anno

388 2308 409 2352 a
424 2282 605 2352 natiuitate
620 2283 758 2352 Domini
775 2287 988 2354 M.D.XLV1
1005 2297 1030 2366 ⁰,
1049 2284 1105 2354 die
1121 2308 1187 2352 xxv
1206 2285 1333 2354 mensis
1349 2281 1525 2352 Octobris.

969 2448 1033 2531 149

615 2581 921 2649 FERDINANDO
946 2581 1055 2648 REGI
1078 2581 1385 2652 ROMANORUM
1474 2609 1476 2614 ·

740 2719 828 2764 noun
846 2718 953 2762 unuss
971 2718 1133 2762 nscnusnr
1154 2708 1222 2777 154⁶
1244 2712 1263 2763 ¹.

388 2819 465 2876 Cum
478 2822 694 2878 Ferdr'nandus
705 2824 725 2878 I
733 2824 814 2883 serio
826 2823 915 2878 vellet
927 2827 962 2877 ut
976 2825 1070 2879 Pater
1077 2824 1171 2895 Jajrss
1184 2825 1367 2899 tergestinae
1378 2827 1443 2882 sedi
1459 2828 1613 2900 episcopus

435 2912 575 2977 daretur,
589 2913 732 2987 [gnatius
744 2930 847 2986 regem
861 2930 881 2967 a
893 2914 1044 2968 sententio
1055 2912 1185 2983 dejicere
1196 2918 1336 2979 conatur,
1346 2915 1545 2989 grauissimis
1562 2934 1613 2971 ro-

330 3038 334 3045 ·
433 3002 553 3056 tionum
565 3000 725 3058 momentis
737 3002 894 3057 ostendens
905 3002 950 3066 id,
964 3003 991 3055 si
998 3000 1069 3073 fiat,
1084 3003 1118 3057 in
1130 3004 1279 3057 &mnam
1292 3019 1328 3058 ac
1336 3004 1505 3074 perniciem
1516 3004 1612 3061 Socie-

435 3091 509 3145 tats's
520 3108 684 3147 cessurum.

447 3333 687 3416 Entendiendo
703 3334 737 3400 la
756 3335 869 3403 buena
888 3355 912 3419 y
932 3344 1030 3401 santa
1051 3334 1216 3401 voluntad
1237 3355 1306 3420 que
1327 3336 1369 3401 V.
1395 3335 1441 3403 Α.
1465 3332 1613 3421 siempre

380 3451 424 3515 ha
440 3449 557 3516 tenido
579 3455 599 3516 a
619 3458 694 3517 esta
714 3449 853 3516 minima
873 3450 1075 3543 Compania,
1098 3472 1120 3535 y
1141 3450 1403 3535 especialmente
1424 3454 1444 3516 a
1465 3452 1612 3537 algunos

381 3564 602 3651 particulares
617 3563 719 3644 della,
736 3587 758 3650 y
775 3585 882 3651 agora
897 3563 1088 3651 queriendo
1105 3570 1178 3631 mas
1198 3567 1363 3633 effectuar
1381 3566 1527 3651 aquella,
1546 3586 1613 3633 con

379 3701 519 3767 parecer
534 3681 578 3749 de
594 3685 667 3746 mas
683 3679 794 3747 seruir
809 3687 828 3747 a
844 3680 929 3747 Dios
945 3681 989 3748 N.
1008 3682 1045 3749 S.
1059 3703 1082 3767 y
1096 3681 1367 3767 fauorepernosa
1383 3682 1495 3762 todos,
1511 3682 1614 3749 orde·

435 3876 442 3915 i
478 3872 658 3929 dexteritate
674 3888 709 3927 ac
732 3872 852 3943 Vitelt.,·
869 3872 991 3937 Paris,
1010 3892 1063 3929 nn.
1081 3872 1133 3941 84,
1152 3886 1202 3942 93.
1239 3874 1282 3925 -i
1301 3872 1513 3946 prouincialem
1531 3874 1612 3945 regis

387 3962 485 4019 Vitatl.
523 3966 573 4007 -k
591 3962 818 4018 Desiderantur
837 3963 900 4018 triu
917 3966 1072 4034 postrema
1090 3962 1181 4018 uerbo
1203 3963 1236 4017 in
1260 3962 1402 4018 Νίκη.»
1424 3967 1452 4019 et
1474 3962 1609 4031 «Paris,

380 4071 411 4109 n.
425 4067 494 4122 93.»
531 4054 576 4095 .l
595 4043 685 4108 Deest
701 4052 755 4106 hoc
773 4050 898 4107 verbum
916 4052 950 4105 in
964 4051 1107 4107 ‹er'tetlm
1143 4040 1201 4095 ..ni
1219 4052 1314 4106 Datne
1335 4052 1448 4119 Vitatis
1460 4053 1537 4107 Data
1551 4052 1610 4107 Pa-

379 4144 451 4212 ris,
473 4160 527 4197 nn.
549 4141 605 4209 84,
627 4156 677 4211 93.
715 4155 767 4183 -π
785 4128 851 4195 Hoc
872 4140 961 4195 modo
982 4140 1121 4211 sequitur
1142 4145 1171 4194 et
1191 4140 1304 4196 desinit
1324 4140 1462 4207 «Paris,
1485 4160 1517 4195 n.
1540 4154 1610 4209 99η.-

381 4245 414 4285 10
425 4230 564 4289 Octobris
577 4248 654 4286 anno
667 4247 684 4286 a
702 4229 865 4286 Natiuitate
878 4230 998 4285 Domini
1015 4230 1093 4301 1546.
1109 4230 1149 4285 Et
1165 4230 1209 4285 sic
1221 4229 1355 4295 «Paris,
1368 4249 1400 4284 n.
1415 4230 1485 4299 84».·
1498 4232 1612 4287 mensis

379 4318 519 4377 Octobris
535 4336 613 4375 anno
630 4336 647 4375 a
665 4318 829 4375 Natiuitate
846 4319 968 4375 Domini
987 4320 1065 4389 1546.
1103 4334 1152 4363 -ο
1172 4320 1210 4373 [ιι
1228 4318 1370 4375 «Vitalln
1387 4320 1527 4391 sequitur
1543 4324 1611 4375 tan·
1640 4371 1648 4382 ,

381 4412 461 4462 tum:
472 4408 614 4481 Ignatius.
1481 4415 1484 4424 “

434 4565 441 4595 ¹
479 4562 524 4617 Ex
536 4564 601 4618 cod.
622 4562 733 4628 vinu,
746 4578 848 4634 apogr.
864 4520 940 4628 affl,
959 4579 987 4615 n.
1005 4572 1067 4631 107,
1086 4560 1167 4633 prius
1185 4560 1220 4629 87
1238 4560 1428 4631 (cancellat),
1441 4559 1495 4615 828
1512 4567 1543 4615 et
1560 4558 1606 4615 88.

378 4652 482 4708 Exstat
495 4650 584 4707 etiam
598 4666 698 4722 apogr.
713 4650 744 4706 in
756 4651 820 4707 cod.
836 4649 1009 4713 Mandanen,
1024 4648 1075 4704 lib.
1095 4649 1139 4717 11,
1159 4666 1189 4703 n.
1207 4648 1486 4718 17.-Msrtcffltcn,
1501 4647 1552 4703 lib.
1567 4648 1606 4717 11,

378 4758 407 4797 n.
421 4742 486 4812 XV3
501 4740 613 4811 boux,
628 4757 658 4795 n.
672 4739 779 4807 XL1V3
794 4737 915 4802 Canas,
930 4755 961 4792 n.
974 4736 1080 4803 XCIV.
