3625 5400
337 426 341 435 “
431 436 486 508 650
803 440 1010 493 Monuusnrt
1028 436 1207 492 Iouerum

396 600 500 656 ueant
525 590 617 677 apud
643 589 859 659 sanctitatem
886 592 932 658 D.
953 589 998 655 N.
1024 610 1131 675 papae
1158 598 1291 655 vestrae
1314 609 1451 657 causae.
1473 587 1640 655 Mittetis

394 704 497 772 etiam
513 706 557 772 ad
573 706 614 775 Ρ.
632 704 802 791 Ignatium
817 704 948 772 litteras
960 705 1003 770 ab
1019 703 1160 787 eisdem,
1173 712 1211 768 vt
1223 700 1295 797 ipse
1309 724 1427 770 aarum
1438 703 1639 772 occasione

395 834 473 887 cum
489 818 628 907 prelatis
643 820 697 887 his
711 830 746 887 et
766 840 845 887 cum
861 840 995 886 summo
1010 817 1112 886 etiam
1132 818 1294 904 pontifice
1312 829 1461 885 vestram
1480 840 1638 886 causam

395 934 607 1001 commodius
634 934 741 1022 possit
768 955 882 1020 agere.
906 935 995 1001 Cum
1014 943 1129 1000 autem
1152 933 1188 999 in
1214 933 1446 1021 Portugalliae
1472 955 1637 1021 regnum

394 1060 598 1136 peruentum
614 1050 690 1130 erit,
708 1047 957 1117 aserenissimo
968 1048 1070 1117 etiam
1082 1069 1166 1135 rege
1176 1049 1309 1116 litterae
1324 1048 1637 1117 commendatitiae

395 1165 439 1231 ad
454 1184 584 1247 omnes,
601 1166 645 1231 de
665 1164 789 1251 quibus
809 1186 926 1251 supra,
948 1164 1119 1232 curandae
1140 1175 1253 1231 erunt.
1280 1164 1409 1231 quen't
1427 1164 1536 1233 etiam
1558 1185 1637 1230 non

395 1301 527 1367 parum,
545 1290 618 1348 tum
629 1291 667 1347 vt
679 1280 817 1367 ingenia
828 1280 986 1346 indorum
998 1278 1120 1346 melius
1135 1300 1394 1367 cognoscamus,
1408 1294 1482 1347 tum
1497 1288 1541 1345 vt
1552 1300 1636 1345 mo-

396 1406 541 1463 ueantur
556 1395 667 1482 magis
681 1396 729 1476 hi,
748 1416 853 1482 penes
868 1416 955 1480 quos
974 1417 1108 1463 summa
1123 1418 1236 1463 rerum
1251 1395 1308 1462 hic
1328 1406 1394 1476 est,
1416 1407 1454 1462 vt
1473 1395 1549 1477 ille,
1570 1394 1634 1480 qui

396 1512 465 1577 huc
480 1521 534 1579 est
546 1522 725 1591 venturus,
743 1533 860 1598 secum
877 1510 1028 1597 quinque
1043 1513 1098 1578 vel
1113 1532 1173 1578 sex
1183 1512 1332 1596 juuenes
1347 1533 1391 1579 ex
1401 1511 1494 1577 Indis
1510 1511 1632 1577 addu-

344 1690 347 1695 .
397 1635 464 1707 cat,
482 1626 539 1710 qui
559 1626 686 1713 optima
706 1628 819 1713 specie
838 1638 874 1693 et
893 1626 983 1694 inter
1002 1638 1135 1712 ceteros
1158 1626 1268 1713 magis
1287 1624 1419 1693 visendi
1438 1636 1558 1707 erunt,
1586 1648 1632 1691 ex

397 1740 521 1826 quibus
536 1744 605 1808 duo
622 1752 733 1809 tresve
753 1744 895 1809 Romam
914 1742 1066 1825 veniant,
1089 1741 1208 1827 reliqui
1228 1742 1264 1807 in
1286 1740 1486 1829 Portugalia
1506 1741 1630 1809 subsi-

396 1866 489 1923 stant
500 1856 535 1923 in
548 1857 694 1943 collegio
705 1869 841 1925 nostrae
853 1856 1045 1939 Societatis,
1055 1879 1124 1943 quo
1135 1867 1170 1926 et
1182 1858 1251 1924 duo
1262 1856 1310 1923 illi
1322 1857 1432 1925 redire
1443 1867 1626 1943 poterunt,

397 1970 456 2058 qui
471 1973 612 2040 Romam
627 1972 795 2055 venerint,
813 1974 978 2041 confectis
994 1972 1146 2060 negociis
1166 1972 1300 2053 vestris,
1318 1984 1356 2038 vt
1375 1972 1464 2039 inter
1484 1982 1630 2039 nostros

397 2087 596 2156 excolantur
616 2098 650 2157 et
671 2088 792 2155 litteris
813 2099 847 2157 et
868 2088 1023 2175 xpianae.
1046 2087 1244 2174 disciplinae
1264 2087 1497 2172 virtutumque
1517 2109 1623 2154 orna-

396 2202 533 2283 mentis,
549 2214 585 2269 vt
596 2203 646 2270 sic
659 2205 808 2286 demum,
823 2205 865 2271 ad
877 2226 959 2272 suos
970 2176 1156 2283 r'edeundo,
1170 2204 1325 2289 exemplo
1337 2203 1428 2271 vitae
1437 2224 1479 2270 ac
1489 2201 1627 2269 doctri-

396 2340 461 2386 nae
477 2318 526 2387 eis
542 2329 576 2387 et
592 2318 666 2385 aliis
682 2319 775 2387 lndie
790 2318 990 2407 regionibus
1005 2318 1073 2386 sint
1088 2318 1250 2388 vtiliores.

464 2435 567 2519 Quod
598 2434 720 2503 attinet
749 2436 793 2501 ad
821 2433 962 2501 'modum
991 2434 1198 2520 suscipiendi
1233 2456 1358 2521 pueros
1388 2435 1424 2500 in
1455 2432 1620 2519 collegio,

398 2549 558 2633 quodque
574 2550 617 2615 ad
632 2548 895 2635 supplicationes
911 2550 966 2617 vel
985 2551 1221 2636 processiones
1240 2550 1406 2635 publicas,
1428 2560 1464 2617 et
1483 2550 1621 2626 limera,

397 2675 432 2732 et
452 2663 542 2750 ipsas
563 2664 700 2734 demum
720 2664 981 2736 constitutiones
1000 2667 1221 2734 fundatorum
1242 2667 1286 2734 ad
1304 2686 1368 2734 nos
1388 2665 1620 2746 transmissas

397 2781 638 2866 suspendenda
652 2779 717 2849 erit
731 2782 901 2850 sententia
916 2784 1026 2852 donec
1040 2783 1083 2848 ab
1103 2804 1158 2866 eo,
1180 2783 1239 2867 qui
1259 2784 1328 2848 huc
1348 2781 1514 2864 mittetur,
1537 2803 1621 2848 exa·

397 2894 487 2961 etius
501 2896 623 2964 vestris
638 2897 681 2964 de
697 2898 799 2964 rebus
819 2897 1038 2978 instruamur,
1063 2897 1234 2983 simulque
1249 2919 1337 2984 quae
1356 2919 1453 2967 mens
1467 2897 1513 2964 sit
1527 2894 1621 2982 regis

399 3011 617 3097 Portugaliae
628 3011 858 3099 inteligamus.
876 3012 1038 3082 Poteritis
1049 3013 1183 3080 interim
1194 3013 1341 3082 eundem
1354 3014 1506 3094 modum,
1517 3033 1619 3098 quem

397 3129 562 3194 hactenus
580 3127 748 3210 tenuistis,
767 3129 897 3198 tenerel

465 3243 561 3310 Haec
576 3264 660 3330 ergo
676 3243 705 3310 si
721 3267 740 3311 a
757 3244 855 3311 vobis
873 3247 992 3313 sedulo
1009 3246 1211 3333 curelnltur,
1229 3255 1344 3330 sperat
1363 3254 1480 3310 noster
1499 3243 1535 3309 in
1556 3243 1619 3310 X.⁰

400 3361 441 3423 P.
465 3358 630 3445 Ignatius,
649 3361 741 3444 quod
753 3361 898 3427 multum
911 3361 1142 3441 emolumenti,
1157 3371 1229 3427 tum
1246 3345 1395 3447 collegii,
1410 3370 1484 3425 tum
1498 3359 1620 3426 Gouae

395 3471 559 3558 Indiaque
587 3475 691 3542 totius
710 3475 813 3542 rebus
833 3476 877 3542 ad
899 3477 1088 3543 animarum
1115 3478 1319 3562 profectum,
1343 3475 1490 3560 indeque
1516 3474 1619 3542 etiam

397 3589 542 3655 multum
558 3591 601 3656 ad
617 3589 682 3658 Dei
697 3593 861 3658 honorem
880 3602 916 3658 et
937 3591 1127 3672 seruitium,
1145 3590 1316 3676 simulque
1335 3590 1426 3676 regis
1448 3592 1617 3677 Portuga·

395 3702 473 3787 liae,
492 3706 583 3771 etad
600 3717 737 3774 nostrae
752 3706 933 3774 Societatis
949 3707 994 3794 (in
1018 3706 1215 3797 regionibus
1235 3705 1320 3792 istis)
1341 3725 1561 3792 progressum
1577 3703 1617 3770 sit

396 3839 625 3888 accessurum.
884 3829 888 3840 '

462 3935 621 4002 Perficiat
635 3936 672 4003 id
687 3937 822 4004 bonitas
842 3936 974 4004 infinita
989 3940 1032 4005 D.
1051 3939 1095 4005 N.
1110 3941 1195 4026 Jesu
1210 3937 1305 4023 Xpi.,
1324 3935 1382 4022 qui
1397 3956 1482 4003 suae
1496 3934 1616 4022 digne-

395 4060 452 4115 tur
466 4052 651 4118 voluntatis
672 4052 870 4139 cognitione
890 4074 953 4120 nos
972 4075 1091 4122 omnes
1110 4052 1263 4140 implere,
1285 4063 1320 4120 et
1342 4073 1444 4119 suurn
1464 4051 1501 4119 in
1520 4049 1616 4118 nobis

395 4165 554 4232 omnibus
571 4189 695 4236 nomen
712 4179 747 4237 et
762 4167 904 4256 gloriam
922 4190 1061 4256 augere.
1080 4171 1204 4238 Amen.

460 4282 567 4348 Rome
582 4281 714 4350 decimo
731 4283 893 4352 kalendas
909 4284 1110 4352 Decembris
1130 4295 1155 4351 ⁰.

444 4570 457 4598 ⁰
477 4556 564 4626 Quae
576 4564 745 4630 sequuntur
757 4577 853 4616 manu
870 4561 1000 4617 Polanci
1010 4563 1125 4633 scripta
1141 4564 1221 4626 sunt,
1240 4565 1361 4632 excepta
1377 4559 1481 4615 littera
1498 4561 1524 4627 Ι,
1543 4573 1614 4630 quot
1649 4616 1653 4621 ,

391 4648 435 4698 est
447 4650 640 4721 autographa
654 4649 685 4704 S.
703 4649 831 4722 Ignatii.
