3625 5400
595 449 700 506 Enisa.
719 449 821 522 4⁶·-3
838 451 925 524 Jmn·
943 462 1012 522 1542
1335 455 1388 514 213

192 599 347 686 Burgos‚
361 605 437 668 sera
450 599 571 684 meior,
584 621 715 688 porque
732 602 831 670 todos
842 623 881 673 se
892 623 1005 690 gozan
1017 605 1146 673 mucho
1157 628 1200 677 en
1217 627 1279 694 oyr
1293 607 1425 678 boenas

195 734 331 782 nuevas
342 716 408 783 del.

260 832 376 913 Initio,
402 854 511 899 manu
536 833 574 901 S.
603 834 751 922 Ignatii.
781 836 835 902 De
862 837 915 902 ·Y·
936 834 1067 905 Simon.

261 947 305 1014 In
324 947 411 1034 fine,
428 948 580 1034 ejusdem
595 971 715 1018 manu.
734 949 867 1019 Simon.
887 951 1024 1039 Copiar.

259 1066 291 1129 A
308 1069 406 1150 tergo
421 1065 493 1130 alia
507 1087 627 1134 manu.
647 1065 775 1133 Auisos
788 1065 1023 1152 particulares.

255 1178 369 1246 Manu
380 1181 425 1247 P.
445 1179 601 1248 Polnnoi.
620 1183 674 1250 De
688 1201 865 1268 personas,
883 1204 928 1250 en
943 1193 1089 1265 secreto,
1109 1185 1151 1254 de
1168 1188 1288 1254 Roma.

775 1300 828 1381 ta

567 1430 722 1497 PETRO
745 1430 1039 1499 CONTARENO

639 1556 727 1600 noim
737 1542 842 1611 3Jtn11
853 1556 922 1616 154²
934 1548 954 1602 ¹.

319 1643 444 1698 Patrem
451 1643 599 1716 jocobum
612 1642 770 1708 Lainium,
790 1644 929 1700 Venetiae
939 1650 1070 1710 euntern,
1083 1649 1281 1706 mmmmm.

791 1741 815 1830 †

252 1876 360 1945 Molto
375 1875 559 1962 magnifico
574 1875 702 1962 Signor
715 1887 741 1942 ¹.

254 1993 304 2060 La
317 2012 450 2059 summa
466 1991 577 2078 gratia
591 2002 627 2060 et
642 2012 757 2058 amore
771 1991 815 2057 de
830 1989 944 2058 Cristo
960 1993 1005 2060 N.
1019 1992 1057 2061 S.
1076 1991 1127 2060 sia
1142 2015 1276 2083 sempre
1293 1996 1328 2065 in
1341 2021 1406 2066 no-

186 2121 258 2174 stro
272 2107 459 2174 continouo
474 2106 569 2172 aiuto
585 2116 620 2174 et
635 2108 764 2174 fauore.

251 2225 302 2290 La
327 2222 479 2309 signoria
504 2221 663 2289 hauendo
689 2220 879 2308 supplicato
902 2245 923 2290 a
943 2223 979 2292 S.
1007 2223 1044 2292 S.
1070 2245 1131 2310 per
1154 2225 1267 2294 alcuni
1290 2229 1325 2296 di
1348 2231 1405 2298 noi

184 2339 273 2419 altri,
298 2361 360 2424 per
382 2339 406 2403 il
428 2360 494 2405 suo
517 2339 800 2406 comandamento
822 2359 867 2404 ua
886 2337 1008 2406 adesso
1029 2340 1129 2406 Mtro.
1151 2342 1291 2428 Jacomo
1312 2346 1405 2438 Lay-

183 2475 244 2521 noe
259 2455 286 2521 ¹.
305 2456 349 2520 Et
364 2454 492 2540 perche
507 2453 556 2520 lui
572 2453 591 2520 ὲ
606 2452 689 2540 ogni
705 2473 787 2519 cosa
801 2462 931 2532 nostra,
949 2463 984 2522 et
1000 2474 1069 2520 non
1094 2475 1217 2522 manco
1237 2456 1272 2523 di
1287 2471 1404 2530 uostra

181 2569 452 2656 magnificentia,
469 2593 489 2638 e
503 2591 586 2636 uera
601 2578 636 2637 et
652 2567 732 2635 uiua
748 2567 903 2654 epistola,
922 2589 993 2636 non
1008 2569 1085 2636 serd
1101 2572 1226 2658 perche
1241 2592 1296 2640 me
1306 2574 1403 2642 alon-

181 2707 237 2773 ga,
255 2686 302 2752 ne
317 2687 467 2752 anchora
481 2706 542 2771 per
557 2682 837 2765 reccomandar1i‚
859 2684 1012 2771 sapendo
1034 2683 1100 2752 che
1119 2685 1177 2753 noi
1198 2687 1274 2755 altri
1294 2688 1403 2759 siamo

181 2800 260 2867 tutti
276 2800 407 2868 antichi
423 2811 457 2870 et
471 2799 546 2867 ueri
560 2798 652 2869 serui
667 2798 703 2866 di
718 2810 834 2867 uostra
848 2798 1097 2887 magnificenze
1119 2802 1176 2869 nel
1192 2803 1318 2891 Signor
1336 2828 1400 2874 no-

178 2928 262 2999 str0;
280 2917 390 3002 perio
404 2916 504 3000 quale
519 2936 614 2981 amor
628 2926 664 2982 et
679 2935 865 2983 reuerenza
879 2934 935 2981 mc
951 2916 1121 3001 persuado
1136 2918 1201 2984 che
1216 2940 1350 3006 sempre
1362 2943 1400 2989 se

177 3032 329 3119 degnard
352 3030 388 3096 di
408 3032 537 3098 hauere
555 3030 592 3096 in
610 3051 674 3098 sua
693 3029 849 3099 custodia
871 3040 906 3098 et
929 3029 1146 3117 protettione‚
1172 3053 1193 3100 e
1216 3054 1280 3100 con
1305 3044 1399 3103 tanta

177 3146 306 3214 charita
322 3168 420 3216 come
435 3147 603 3232 sempree
625 3156 856 3213 accostumata
875 3145 911 3211 di
932 3148 1016 3229 fare,
1041 3168 1143 3215 senza
1165 3150 1354 3233 perpender
1374 3150 1398 3217 li

175 3262 282 3329 nostri
297 3259 457 3328 immeriti
477 3284 537 3348 per
557 3262 581 3330 l’
603 3262 802 3328 abondanza
820 3261 910 3329 detta
929 3282 992 3328 sua
1013 3261 1143 3329 charita
1164 3262 1201 3329 in
1222 3265 1256 3331 el
1279 3264 1397 3351 signor

174 3388 291 3443 nostro
307 3376 428 3465 [Geso]
445 3378 529 3457 X.⁸⁰,
546 3378 612 3443 che
627 3376 677 3443 sia
692 3374 707 3415 ¹’
722 3397 856 3469 sempre
871 3375 907 3443 in
923 3386 1039 3443 nostro
1056 3378 1173 3445 fauore
1189 3388 1225 3446 et
1241 3378 1346 3446 aiuto.

223 3616 238 3642 ι
261 3545 338 3653 liis.
361 3598 453 3653 Molto
474 3596 629 3693 magnifico
647 3596 705 3653 sse
717 3597 806 3652 alter.
828 3596 953 3667 exempl.
992 3599 1098 3653 -ben
1120 3599 1148 3654 el
1168 3597 1274 3669 Signor
1292 3610 1394 3658 nostro

168 3689 225 3743 che
237 3686 283 3743 aia
295 3688 375 3742 alter
386 3705 433 3742 cx.

173 3877 252 3935 1541,
265 3881 320 3920 suo
340 3866 405 3919 loco
425 3864 549 3932 edenda,
568 3880 626 3937 qua
647 3863 769 3919 mirifice
786 3864 902 3919 Patrem
922 3861 1101 3935 Cyprinnum
1120 3864 1158 3918 ob
1180 3870 1315 3919 navatam
1327 3866 1391 3919 Bal·

169 3954 301 4025 neoregii
322 3969 440 4034 operam
459 3952 595 4009 laudibus
612 3940 742 4010 extollit.
766 3954 813 4007 De
831 3950 969 4024 episcopo
988 3950 1064 4007 Solis
1082 3950 1261 4007 mentionem
1280 3950 1391 4007 faciunt

169 4044 268 4115 Epist.
284 4041 408 4106 Mixtae,
419 4040 443 4109 1,
454 4039 500 4113 3⁰3
511 4041 654 4097 Fora-nn
665 4054 706 4097 m
716 4042 857 4109 Forum,
871 4042 997 4113 Espana
1005 4041 1151 4113 sagrada,
1166 4046 1187 4095 t.
1199 4033 1247 4111 LI,
1260 4056 1327 4111 pag.
1341 4053 1387 4113 413

168 4132 353 4201 Uaramus,
366 4130 463 4185 Italia
478 4148 578 4204 sana,
591 4127 615 4202 1,
630 4141 692 4200 517.
1368 4196 1370 4201 .

221 4220 229 4251 ¹
267 4220 312 4273 Ex
325 4220 387 4275 cod.
409 4219 519 4284 vitan„
532 4237 562 4275 n.
581 4218 628 4289 33,
641 4234 742 4291 apogr.
760 4232 772 4274 1
787 4218 849 4287 fol„
863 4218 944 4291 prius
957 4236 987 4273 n.
1004 4230 1064 4273 111.
1079 4215 1168 4272 Aliud
1181 4223 1278 4271 exstat
1291 4232 1389 4272 exem-

166 4310 238 4379 plar,
252 4317 284 4363 et
300 4306 419 4380 quidem
432 4306 679 4379 antiquissimum,
697 4309 728 4363 in
746 4307 871 4380 collegio
887 4304 1247 4361 Pio-Latino-Americano
1265 4304 1385 4377 Romae,

164 4396 242 4468 quod
249 4412 344 4467 usque
353 4394 391 4449 ad
399 4411 508 4449 annum
520 4394 589 4451 1860
598 4404 748 4451 servatum
758 4403 804 4451 eat
814 4394 965 4451 Ferrariae
976 4394 1007 4449 in
1019 4392 1145 4463 collegio
1158 4391 1188 4450 S.
1205 4393 1246 4463 J.,
1255 4392 1284 4446 in
1294 4394 1386 4449 tabel-

162 4486 202 4553 la,
215 4485 294 4540 vitro
305 4490 455 4555 cooperta,
467 4482 623 4553 inclusum3
637 4483 761 4540 fortasse
776 4483 846 4556 quia
862 4483 1023 4539 credebant
1038 4481 1245 4553 autographam
1264 4481 1312 4536 vel
1330 4481 1385 4537 ori-

160 4574 292 4641 ginalem
309 4588 377 4629 esee
388 4571 422 4629 S.
435 4572 542 4643 Ignatii
552 4571 878 4646 epistolam-Carino,
892 4590 922 4630 n.
937 4568 1075 4627 XXXIII.

216 4668 227 4696 ¹
265 4660 342 4717 Vide
354 4659 441 4733 epist.
455 4674 503 4734 41,
515 4670 615 4719 annot.
628 4662 656 4719 6.
