3625 5400
416 465 469 535 586
759 510 765 522 ‚
793 464 1002 521 Mouuuanra
1021 462 1200 518 lesuram

383 622 444 686 das
459 616 665 697 fidelissime,
684 625 786 702 teque
809 626 919 684 totum
940 638 1018 682 cum
1039 613 1156 681 diuina
1175 613 1298 700 gratia,
1316 633 1419 698 quam
1439 611 1625 678 strenuis-

384 736 468 803 sime
488 731 627 820 poteris,
649 753 783 819 semper
805 753 967 800 exerceas
989 731 1025 798 in
1049 730 1189 798 Christo
1208 731 1292 817 Jesu
1315 727 1453 794 domino
1476 739 1622 806 nostr0;

385 860 540 918 nostrum
554 869 635 914 vero
646 859 683 912 vt
694 847 906 915 orationibus
918 846 1042 914 nostris
1055 868 1095 913 ac
1107 843 1282 912 sacrificiis
1294 843 1424 930 gratiae
1438 846 1517 931 lesu
1535 841 1624 927 Xpi.

387 979 421 1032 te
432 964 563 1050 jugiter
579 963 834 1031 comendemus
893 995 903 1017 ·

455 1078 805 1163 trascriptiaCreatio
820 1077 1040 1164 prouincialis
1055 1089 1080 1146 ⁸.

956 1223 1018 1303 193

646 1353 804 1419 PATRI
839 1354 1084 1421 ANTONIO
1120 1351 1359 1420 ARAOZIO

764 1499 852 1541 nour
872 1498 1100 1543 rsaprauerrrs
1122 1499 1189 1556 1547
1210 1487 1229 1540 ¹.

438 1599 528 1656 Atiae
540 1601 660 1655 litterae
669 1605 816 1672 patentes,
830 1603 937 1673 quibus
949 1602 1098 1657 Araoaius
1115 1603 1171 1657 toti
1183 1602 1353 1673 Hispaniae
1367 1599 1565 1674 praeficitur,

553 1706 666 1744 maanus
674 1691 843 1776 praepositi
850 1691 1052 1762 provincialis
1064 1709 1131 1746 cum
1144 1695 1287 1763 potestate
1300 1691 1445 1746 obiturus.

951 1807 1040 1930 ris.

457 2003 680 2071 IGNA'I'IVS
694 2003 738 2070 de
753 2004 894 2090 Loyola,
909 2002 1091 2072 Societatis
1102 2005 1186 2090 Jesu
1201 1999 1414 2088 praepositus
1430 1999 1619 2086 generalis

375 2115 515 2184 *dilecto
537 2118 638 2185 nobis
663 2117 700 2184 in
720 2118 858 2185 Christo
877 2118 1049 2185 licentiato
1071 2116 1222 2185 Antonio
1241 2118 1285 2184 de
1308 2117 1438 2197 Araoz,
1462 2114 1619 2182 eiusdem

390 2232 571 2302 Societatis
586 2232 691 2314 socio,
709 2232 855 2301 salutem
871 2233 906 2298 in
922 2233 1069 2299 Domino
1084 2231 1323 2319 sempiternam
1340 2242 1406 2298 etc.

454 2349 543 2415 Cum
558 2348 732 2416 minimam
748 2351 838 2416 hanc
849 2332 1055 2418 Societatem
1067 2351 1110 2415 de
1126 2370 1188 2414 sua
1200 2346 1432 2416 misericordia
1445 2347 1618 2431 prouehat

389 2477 424 2531 et
445 2465 615 2530 diffundat
636 2463 738 2530 latius
759 2463 917 2531 christus
932 2465 1035 2552 Jesus
1054 2465 1098 2530 ad
1118 2464 1279 2530 majorem
1301 2445 1444 2550 gronam
1468 2459 1619 2527 neminis

325 2616 328 2620 ·
388 2579 454 2660 sui,
475 2591 567 2645 «tum
582 2579 619 2644 in
633 2579 708 2646 aliis
722 2557 921 2665 prouinciis,
941 2591 1012 2646 tum
1029 2581 1087 2646 vbi
1104 2591 1143 2646 tu
1158 2579 1211 2646 his
1227 2579 1325 2646 annis
1345 2589 1501 2646 versatus
1522 2599 1561 2644 es
1583 2575 1618 2640 in

389 2694 587 2780 Hispaniam
602 2693 649 2761 ibi
663 2693 794 2763 «enim»
808 2693 874 2761 alia
889 2706 1005 2765 erecta
1020 2706 1101 2763 sunt
1113 2696 1293 2765 Societatis
1309 2694 1468 2782 collegia,
1482 2693 1547 2761 alia
1564 2692 1620 2758 in-

390 2812 514 2876 choata
529 2822 555 2890 ⁸,
573 2813 630 2877 uel
646 2823 740 2879 certa
755 2833 816 2899 spe
828 2824 997 2898 concepta
1009 2834 1049 2878 ac
1061 2812 1241 2891 destinata,
1256 2810 1449 2877 scholastici
1462 2809 1616 2879 Societa-

393 2925 436 2992 tis
451 2926 487 2991 in
504 2926 607 2993 uariis
622 2926 805 2996 academiis
818 2928 861 2994 ad
877 2922 990 2995 st'udia
1002 2928 1171 3008 collocati,
1187 2937 1239 2994 tot
1251 2929 1361 2993 bonae
1375 2936 1507 2993 mentes
1523 2923 1619 2993 exci-

392 3052 495 3125 tatae,
513 3041 635 3128 partim
652 3053 691 3108 ut
705 3043 870 3111 Societati
886 3066 923 3111 se
940 3044 1066 3109 dedant
1082 3043 1117 3109 in
1133 3043 1333 3129 religionem
1350 3052 1384 3108 et
1408 3052 1489 3109 uota
1511 3062 1619 3109 euan-
1673 3130 1677 3137 ,

393 3159 515 3245 gelica,
536 3156 725 3243 partimque
740 3179 809 3225 non
825 3159 1033 3227 mediocrem
1051 3160 1198 3225 fructum
1216 3158 1307 3227 uitae
1323 3156 1507 3245 spiritualis
1528 3156 1620 3222 fece-

392 3284 472 3340 runt
487 3283 523 3341 et
538 3271 669 3339 faciunt
686 3272 720 3338 in
731 3272 817 3355 dies,
833 3274 957 3358 quibus
970 3274 1170 3342 excitamur:
1187 3274 1331 3360 primurn
1344 3273 1409 3359 ipsi
1421 3275 1496 3340 Deo
1509 3271 1620 3338 omni-

392 3388 537 3473 potenti,
557 3408 642 3473 quas
669 3409 863 3474 possumus,
881 3390 1009 3474 gratias
1040 3411 1196 3476 «agere»,
1226 3390 1349 3456 deinde
1369 3388 1446 3475 piae
1466 3386 1619 3454 solicitu-

393 3502 482 3568 dinis
508 3502 622 3569 studio
648 3503 822 3583 ducimur,
855 3516 894 3569 ut
926 3505 985 3589 qui
1015 3505 1172 3591 pluribus
1202 3504 1435 3591 spiritualibus
1466 3500 1620 3589 negociis

396 3618 551 3703 occupati
567 3618 602 3683 in
619 3617 686 3700 his,
704 3640 792 3704 quae
808 3620 907 3686 nobis
923 3642 985 3705 pro
1001 3620 1130 3688 ratione
1146 3620 1248 3688 officii
1271 3620 1378 3688 nostri
1402 3619 1618 3696 incumbunt,
1710 3672 1715 3685 .

396 3744 546 3799 nostram
563 3733 731 3819 propriam
747 3754 817 3800 non
834 3714 1015 3819 possumus
1031 3736 1193 3805 exhibere
1216 3736 1454 3822 praesentiam,
1479 3735 1564 3800 tales
1587 3732 1620 3797 in

449 3918 461 3944 e
497 3902 534 3956 ln
547 3902 637 3957 alter.
651 3919 714 3957 ex„-
727 3902 853 3958 Patente
865 3903 902 3958 de
917 3904 956 3958 Μ.
971 3904 1050 3975 Igno
1063 3922 1132 3976 para
1150 3906 1177 3960 el
1190 3904 1309 3961 licendo

449 4006 463 4033 ²
500 3990 637 4045 incohata
649 4008 703 4045 ms.

449 4141 456 4173 ¹
494 4142 539 4195 Ex
552 4140 653 4197 codice
667 4143 765 4214 Epist.
780 4145 929 4199 diversor.
932 4184 941 4210 ‚
953 4162 982 4199 n.
996 4144 1013 4199 8
1025 4146 1069 4216 bis,
1081 4144 1161 4216 prius
1174 4158 1219 4216 423
1231 4130 1398 4199 adversaria
1408 4160 1474 4199 curn
1488 4141 1622 4198 emenda·

395 4228 525 4285 tionibus
538 4247 556 4284 a
568 4230 603 4285 Ρ.
618 4231 716 4286 Natali
733 4230 830 4303 iactis,
843 4250 916 4305 quas
933 4234 1056 4304 virgulis
1075 4254 1089 4286 a
1111 4254 1125 4286 rr
1140 4232 1315 4289 indicamus.
1332 4230 1442 4288 Confer
1456 4248 1622 4286 monumen·

396 4327 458 4373 tum
471 4321 527 4373 sub
536 4336 658 4375 numero
671 4320 822 4392 superiore
835 4321 974 4393 positum.
983 4324 1178 4396 -Utrumque
1189 4323 1267 4378 enim
1278 4322 1308 4377 in
1319 4323 1415 4377 lucem
1425 4320 1514 4376 edere
1528 4319 1621 4374 visuro

396 4416 457 4474 est,
471 4417 534 4463 turn
547 4416 665 4481 propter
682 4410 914 4483 uniuscujusque
931 4412 1148 4485 antiquitatem,
1161 4421 1227 4467 tum·
1241 4411 1330 4469 etiam
1348 4419 1467 4483 propter
1479 4408 1621 4476 codicum,

397 4496 427 4551 in
437 4495 544 4569 quibus
554 4498 750 4570 reperiuntur,
760 4500 976 4563 auctoritatem,
988 4501 1114 4557 maxime
1124 4517 1190 4555 curn
1201 4499 1342 4571 originale
1352 4502 1401 4554 vel
1414 4499 1624 4569 autographum

397 4602 456 4639 non
468 4602 691 4658 cognoscamus,
702 4596 732 4643 et
743 4605 832 4644 unum
845 4592 883 4645 ab
896 4592 997 4661 altero,
1010 4588 1106 4663 quoad
1116 4588 1233 4645 modum
1243 4589 1376 4645 eamdem
1390 4606 1452 4643 rem
1462 4586 1623 4659 exprimen-

398 4673 440 4745 di,
453 4672 539 4729 valde
550 4674 679 4732 differat.
