3625 5400
276 679 282 712 t

406 480 459 538 570
649 527 655 538 ,
783 466 991 521 Moutnruurn
1010 462 1188 518 Iouernoi

369 621 449 690 ficio
463 609 498 687 di
514 631 635 705 queste
650 618 775 700 anime,
792 622 838 685 ho
853 639 1017 704 speranza
1029 615 1123 683 nella
1138 615 1243 693 bontssa
1263 609 1380 678 diuina
1394 612 1461 678 che
1475 631 1545 675 non
1561 607 1599 672 vi

369 737 512 806 lesciard
527 739 671 824 perdere
686 738 710 801 l'
728 733 897 802 occasioni
912 736 1040 815 buone,
1057 733 1122 800 che
1139 729 1172 794 vi
1192 748 1440 798 occorreranno
1456 726 1595 793 contor-

370 877 426 923 me
441 854 497 920 all'
515 851 672 933 instituto
688 859 817 918 nostr0.
1135 929 1138 939 Ι
1259 849 1270 860 “

438 971 482 1035 Et
498 989 563 1035 con
585 979 680 1046 tanto
700 988 811 1047 cess0‚
829 964 1031 1052 preghando
1055 961 1167 1047 quella
1188 953 1297 1030 stessa
1319 980 1453 1026 summa
1468 969 1502 1026 et
1517 955 1595 1023 infi-

371 1084 444 1152 nita
458 1085 713 1168 bontd‘sempre
729 1104 767 1150 se
782 1080 888 1167 degni
909 1081 953 1146 de
976 1077 1063 1146 sarci
1085 1097 1271 1144 conoscere
1292 1087 1325 1145 et
1349 1076 1596 1162 perseramente

374 1198 551 1285 esscguire
566 1220 629 1264 sua
644 1197 839 1264 sontissima
854 1196 1006 1263 volontit.
1368 1231 1378 1262 t

440 1316 493 1381 De
510 1317 630 1395 Roma,
648 1313 813 1399 Agosto'
834 1329 928 1396 1547.

440 1430 586 1496 Polonci
612 1430 715 1494 etiam
741 1449 848 1494 manu
876 1431 915 1493 in
942 1429 1053 1494 altero
1071 1428 1221 1514 pagina.
1245 1423 1355 1511 Copia
1381 1423 1425 1490 de
1449 1443 1516 1488 vna
1542 1421 1597 1487 del

377 1549 414 1612 P.
431 1544 566 1632 Ignatio
580 1565 663 1632 para
679 1544 746 1612 M.⁰
762 1543 921 1612 Claudio

822 1755 826 1762 .
929 1689 992 1769 185
1022 1687 1056 1729 rr

750 1819 882 1879 curuo
897 1821 960 1878 ou
981 1819 1234 1879 curuonruus

664 1933 801 1989 PATRI
828 1933 1024 1992 IGNATIO
1053 1935 1110 1988 DE
1138 1931 1321 1990 LOYOLA

767 2053 888 2096 uurnur
907 2055 943 2110 24
962 2053 1083 2097 tentus
1103 2053 1172 2110 1547
1183 2041 1212 2126 ι’.

379 2148 538 2222 Ignatium
552 2152 641 2220 rogat
654 2148 726 2203 velit
738 2149 918 2202 Ferrariam
930 2149 1063 2219 aliquem
1076 2165 1091 2202 e
1103 2147 1167 2201 suis
1179 2147 1266 2202 sociis
1278 2147 1408 2210 mittere,
1419 2147 1473 2216 qui
1485 2144 1550 2216 ejus
1560 2145 1602 2199 di-

431 2238 523 2292 tionis
539 2237 730 2307 principibus
750 2241 841 2292 navet
861 2242 1001 2308 operam:
1020 2241 1145 2309 propter
1166 2237 1316 2291 Renatam
1338 2251 1419 2295 vero,
1442 2234 1602 2289 Ferrarioe

431 2328 591 2394 ducissam,
606 2331 690 2398 optat
703 2331 737 2381 ut
748 2327 802 2397 qui
813 2327 966 2390 mittatur,
980 2327 1007 2380 si
1013 2326 1088 2399 fieri
1099 2326 1202 2396 possit,
1215 2329 1269 2380 aut
1279 2324 1384 2397 gallus
1395 2324 1436 2379 sir
1447 2327 1501 2377 out
1511 2325 1603 2394 prope

437 2413 575 2470 Galliam
587 2427 688 2469 natus.
1223 2419 1226 2426 '

959 2513 1032 2626 Yirs.

444 2675 541 2735 Padre
565 2678 627 2734 mio
648 2677 879 2736 'cordialissimo
904 2677 951 2737 La
975 2694 1051 2753 pace
1071 2677 1119 2735 dcl
1140 2676 1177 2735 N.
1197 2675 1226 2736 S.
1247 2684 1378 2735 macstro
1397 2673 1491 2735 Giesu
1509 2672 1624 2733 Cristo·

385 2792 506 2849 sempre
521 2776 566 2832 sia
580 2792 639 2833 con
653 2776 714 2833 noi.

444 2872 510 2930 Giic
525 2864 663 2931 damulti
678 2874 775 2950 giorni
789 2876 820 2931 in
834 2893 906 2948 qua,
920 2875 1000 2933 ch'io
1015 2876 1055 2931 ho
1071 2873 1244 2932 desiderato
1263 2891 1322 2931 con
1342 2874 1436 2931 molto
1457 2871 1609 2929 desiderio

385 2988 441 3044 per
454 2972 560 3028 honor'
572 2971 622 3028 del
637 2970 675 3029 N.
686 2972 716 3031 S.
729 2972 788 3029 Dio
802 2974 905 3030 hauer'
922 2971 974 3030 un'
987 2972 1071 3030 uolta
1084 2980 1168 3029 tanta
1181 2971 1367 3029 commoditd
1380 2971 1411 3027 di
1427 2970 1533 3045 parlar’
1544 2970 1608 3027 lon-

385 3078 528 3144 gamente
550 3070 597 3127 all'
619 3071 715 3129 Illmo.
736 3072 839 3146 signor
858 3065 963 3129 nostro
982 3070 1062 3128 duca
1083 3070 1113 3127 di
1133 3070 1258 3128 Ferrara
1275 3083 1289 3109 ⁸
1313 3088 1367 3144 per
1384 3070 1471 3145 dirgli
1491 3069 1608 3126 iutiera-

386 3176 489 3225 mente
504 3168 522 3224 l’
536 3170 641 3239 nerito,
656 3169 702 3226 sol
716 3187 772 3243 per
785 3170 891 3227 honor'
906 3168 938 3225 di
952 3176 1083 3226 maestro
1103 3168 1195 3225 Giesu
1215 3166 1324 3238 Cristo‚
1339 3176 1370 3225 et
1392 3185 1447 3242 per
1466 3168 1495 3225 la
1515 3166 1609 3223 salute

386 3283 450 3323 sua.
466 3264 524 3323 Per
537 3275 623 3324 tanto
637 3269 706 3325 m‘c
721 3275 800 3325 stato
815 3267 888 3325 satta
902 3268 999 3343 gratia
1013 3266 1062 3323 dal
1078 3267 1181 3342 signor
1195 3267 1265 3337 Diu,
1276 3268 1333 3323 che
1348 3266 1378 3324 S.
1393 3266 1428 3325 E.
1443 3272 1529 3323 motu
1543 3282 1611 3338 pro-

387 3364 453 3437 prio
467 3366 507 3422 m'
523 3366 563 3422 ha
577 3367 766 3436 merchato,
781 3374 813 3423 et
825 3367 864 3422 m‘
880 3367 920 3423 ha
934 3365 1083 3439 adoptato
1099 3366 1128 3421 in
1144 3365 1236 3423 multe
1251 3382 1326 3439 opre
1341 3366 1404 3440 pie,
1418 3364 1443 3421 st
1457 3382 1475 3422 a
1490 3352 1613 3421 Ferrato

388 3479 510 3521 comoa
532 3464 684 3535 Modoua;
705 3473 736 3521 ct
756 3465 881 3537 quaudo
896 3466 936 3521 m'
957 3464 996 3522 ha
1016 3465 1090 3521 tatto
1112 3448 1273 3522 distribuir'
1289 3466 1364 3522 hora
1384 3464 1521 3534 trecenti,
1541 3464 1614 3519 hora

388 3563 578 3632 quatrocenti
590 3562 693 3619 ducati
704 3579 722 3620 a
732 3563 849 3637 poueri3
861 3570 891 3619 et
901 3562 1077 3619 finalmente
1089 3570 1197 3635 questa
1208 3564 1369 3619 settimana
1379 3568 1475 3631 santa,
1483 3559 1615 3618 essendo

388 3666 503 3716 ueuuto
518 3678 536 3716 a
551 3659 696 3730 Modone,
707 3660 748 3717 mi
762 3661 908 3733 recerchd
923 3660 953 3717 di
969 3660 1067 3718 bocca
1081 3678 1136 3717 sua
1150 3660 1294 3737 uoglesso
1310 3676 1393 3717 esser
1404 3666 1549 3717 contento
1561 3674 1613 3715 an-

388 3755 486 3831 dargli
500 3774 518 3813 a
532 3756 586 3815 dir'
602 3774 703 3815 messa
724 3757 752 3815 la
773 3757 865 3833 giobo
886 3766 974 3815 santa
994 3758 1025 3814 in
1047 3755 1190 3827 Castello,
1212 3774 1267 3832 per
1290 3758 1504 3815 communicar'
1524 3756 1566 3813 lui
1586 3763 1615 3811 et

388 3864 467 3913 tutta
488 3856 517 3913 la
538 3874 594 3913 sua
619 3856 768 3932 sameglia.
789 3856 828 3913 Et
848 3857 899 3929 qui
920 3855 1033 3913 cadetti
1052 3856 1236 3914 l’occasione
1257 3855 1287 3912 d'
1308 3857 1410 3914 hauer'
1430 3856 1615 3929 parlamento

390 3954 485 4030 longo
500 3972 559 4012 con
574 3954 604 4012 S.
619 3954 665 4026 E.‚
679 3955 793 4028 perche
807 3972 841 4011 se
856 3954 934 4012 uolsi
949 3955 1160 4012 reconciliasse
1175 3972 1233 4012 con
1249 3972 1319 4011 esso
1335 3953 1464 4012 miecho.

450 4052 562 4126 Dipuoi
577 4053 605 4111 la
616 4054 873 4124 reconciliationc,
884 4054 904 4110 il
916 4053 1103 4127 parlamento
1116 4052 1148 4111 su
1158 4053 1218 4110 tale
1230 4054 1276 4111 ch'
1289 4054 1318 4109 iu
1330 4052 1370 4128 gli
1383 4052 1459 4123 fece,
1471 4054 1528 4109 che
1539 4050 1569 4109 S.
1581 4050 1614 4107 F„

397 4156 608 4166 ——a—-n-——1

442 4218 456 4245 ε
492 4202 615 4258 Ferarra
626 4221 696 4270 ms.;
708 4204 791 4258 etsie
802 4203 950 4275 deinceps.

444 4348 455 4379 ³
492 4346 558 4400 Nou
572 4347 711 4402 statuitur
724 4346 892 4419 scriptionis
904 4346 981 4414 dies;
995 4345 1048 4401 sed
1065 4363 1101 4400 ex
1119 4346 1207 4402 dictis
1220 4346 1250 4401 in
1271 4344 1401 4401 secunde
1417 4344 1614 4417 annotatione,

392 4433 483 4489 immo
503 4434 534 4489 in
556 4435 620 4506 ipse
641 4436 778 4507 epistola,
801 4436 906 4491 merito
925 4434 1073 4506 judicabis
1095 4436 1216 4491 ineunte
1240 4436 1376 4505 Augusto
1398 4450 1463 4490 eam
1482 4433 1619 4507 scriptam

392 4522 496 4577 fuisse.
922 4588 926 4596 ³
1508 4580 1513 4587 ,

447 4612 456 4645 ¹
494 4614 538 4667 Ex
559 4614 750 4686 autographo,
769 4613 800 4668 iu
821 4616 885 4667 cod.
903 4614 1061 4681 diversor„
1081 4612 1192 4685 duplici
1213 4612 1294 4682 folio,
1314 4615 1407 4668 altero
1424 4628 1508 4686 puro,
1528 4630 1558 4667 n.
1578 4622 1620 4681 ιι,

393 4700 476 4774 prius
489 4699 550 4771 317.
