3625 5400
459 491 494 548 36
559 469 562 478 ’
839 493 1047 550 Mortuum
1065 491 1245 548 lanamana

483 648 628 707 Continet
652 650 818 724 diplomata
842 647 1026 718 authentica,
1044 645 1094 704 vel
1112 627 1289 731 apographa
1313 664 1429 706 coaeva
1449 647 1647 723 diplomatum

423 749 658 823 pontificiorum,
672 755 737 806 turn
752 748 842 805 etiam
857 745 1054 805 cardinalium
1068 752 1099 803 et
1108 744 1303 804 tribunalium
1313 747 1596 818 ecclesiasticorum,
1606 749 1647 806 ad

422 855 519 906 totam
539 845 731 917 Societatem,
750 843 799 902 vel
823 844 862 902 ad
886 844 1082 919 particulares
1107 843 1219 902 domos
1240 843 1289 902 vel
1312 844 1441 922 collegia
1467 846 1647 919 pertinentia

423 941 632 1020 (1538-1592).
651 943 770 1000 Horum
789 949 1057 1000 monumentorum
1076 942 1238 1000 summaria
1260 940 1343 1000 edita
1356 941 1453 999 habes
1472 943 1554 1015 apud
1572 941 1645 999 Del-

421 1041 519 1115 place,
530 1041 560 1097 in
576 1057 668 1116 opere
684 1039 850 1116 «Synopsis
860 1047 999 1098 actomm
1010 1039 1140 1098 Sanctae
1150 1037 1280 1097 Sedisln
1291 1055 1384 1097 causa
1393 1038 1553 1098 Societatis
1566 1039 1645 1099 lesu

428 1139 608 1210 1542·1605;
621 1139 818 1214 mos-1773.»
827 1135 972 1196 Continet
982 1138 1107 1211 insuper
1115 1144 1256 1212 patentes
1265 1136 1387 1208 litteras,
1394 1137 1509 1195 monita
1518 1137 1549 1195 S.
1555 1138 1645 1214 lgna-

422 1237 454 1294 tii
470 1236 509 1293 ad
524 1237 625 1294 socios
640 1236 670 1293 in
685 1235 865 1294 Hiberniam
879 1235 1130 1308 Lusitaniamque
1144 1236 1200 1296 iter
1212 1234 1412 1310 ingressuros,
1425 1242 1483 1293 etc.
1494 1235 1529 1292 ln
1540 1237 1645 1294 charta

421 1334 520 1393 soluta
539 1333 669 1393 habetur
690 1334 785 1391 index
804 1334 958 1407 antiquus,
980 1333 1168 1409 singulorum
1182 1341 1448 1392 monumentorum
1467 1345 1644 1410 argumenta

420 1432 598 1491 brevissime
612 1433 827 1508 perstringens.
905 1467 912 1484 ι
1260 1445 1263 1449 ·

472 1563 581 1637 Opera,
595 1565 625 1620 in
637 1564 744 1637 quibus
754 1563 802 1619 hic
810 1561 904 1620 codex
912 1562 1061 1618 adhibitus
1071 1553 1127 1617 est':
1139 1563 1292 1634 Asnam,
1303 1579 1350 1635 op.
1362 1561 1425 1633 σὴς
1436 1563 1645 1635 [Daphnem

418 1655 559 1728 Synopsis
570 1659 707 1710 aelorum
722 1654 752 1712 S.
768 1653 853 1710 Sedis
862 1653 897 1708 in
908 1669 1002 1708 roura
1012 1652 1169 1708 Sooielms
1185 1651 1263 1727 Iesu.

939 1795 1053 1882 codex
1070 1794 1123 1860 12.

478 1924 623 1982 Instruct.
650 1923 786 1984 I.-Vol.
811 1933 925 2001 0¹⁰,325
938 1923 1113 1995 ><o¹¹²,216;
1133 1923 1347 1998 compositum,
1364 1927 1403 1982 'et
1423 1925 1598 1984 membrana
1622 1946 1642 1986 a

416 2031 504 2099 tergo
522 2025 680 2082 munitum.
762 2060 768 2072 ·
1126 2054 1130 2064 ·

477 2122 637 2197 Inscriptio
651 2139 669 2180 a
682 2131 779 2198 tergo:
796 2121 954 2180 «Instruct.
973 2121 978 2197 Ι
1001 2121 1084 2194 1546.
1100 2119 1167 2180 82.»
1281 2110 1285 2119 ’

475 2220 560 2279 Folia
580 2221 701 2301 scripta,
720 2220 826 2295 paucis
851 2221 997 2294 demptis,
1016 2228 1174 2280 nunrerata
1192 2236 1234 2276 ex
1252 2217 1361 2276 ordine
1379 2227 1458 2278 sunt.
1477 2218 1643 2278 Accedunt

415 2321 560 2379 nonnulla
579 2320 650 2378 folia
669 2320 777 2391 soluta;
795 2335 854 2376 nec
873 2320 975 2376 omnia
994 2325 1065 2376 sunt
1082 2318 1220 2394 ejusdem
1239 2317 1448 2390 dimensionis,
1466 2317 1520 2374 sed
1546 2319 1641 2378 multa

414 2419 443 2475 in
458 2417 512 2491 4⁰3
523 2420 656 2476 minores
671 2419 762 2475 etiam
775 2416 910 2475 schedae
924 2417 1053 2473 insertae
1066 2417 1265 2490 reperiuntur.

474 2515 618 2574 Continet
632 2516 846 2574 instructiones
863 2530 881 2570 a
901 2522 1033 2588 quatuor
1050 2513 1154 2587 primis
1171 2514 1352 2588 praepositis
1370 2513 1563 2590 generalibus
1581 2513 1639 2573 So-

413 2615 531 2672 cietatis
546 2615 641 2686 datas,
654 2613 815 2672 nonnullas
825 2613 918 2669 etiarn
927 2612 1159 2685 provincialium
1169 2620 1200 2668 et
1212 2612 1412 2683 visitatorum,
1426 2620 1459 2669 ut
1470 2612 1501 2670 P.
1513 2611 1641 2684 Natalis,

413 2714 445 2773 P.
461 2714 553 2791 Magii
565 2723 633 2785 etc.;
646 2722 676 2771 et
687 2730 785 2788 pauca
797 2712 854 2769 alia
868 2711 1062 2769 documenta.
1077 2712 1191 2787 Magna
1205 2712 1312 2769 harum
1325 2712 1557 2771 instructiontun
1567 2731 1640 2787 pars

411 2814 451 2870 ad
465 2812 495 2871 S.
511 2812 661 2889 Ignatium
676 2812 813 2886 pertinet.
829 2808 980 2883 Exempla
994 2826 1078 2880 ver0,
1093 2810 1123 2867 in
1138 2812 1197 2868 hoc
1212 2810 1320 2867 codice
1338 2810 1475 2883 collecta,
1490 2811 1553 2867 lere
1567 2820 1647 2870 sunt.

411 2911 617 2968 adversariae
633 2910 766 2967 Polanco
781 2909 893 2982 scripta
906 2908 955 2965 vel
977 2909 1147 2980 emendata,
1162 2926 1205 2965 ex
1225 2906 1338 2981 quibus
1358 2908 1639 2968 transcribebantur

411 3009 564 3083 exempla,
580 3026 670 3083 quae,
682 3026 700 3067 a
713 3008 887 3082 praeposito
901 3008 1034 3083 generali
1051 3007 1230 3081 subscripta,
1241 3007 1447 3067 visitatoribus
1459 3017 1490 3066 et
1501 3008 1566 3065 aliis
1576 3016 1638 3066 tra-

410 3109 571 3167 dabantur.

463 3238 622 3295 Adhibitus
643 3237 674 3293 in
696 3238 825 3294 Monuit.
845 3249 974 3295 luston.
988 3236 1020 3291 S.
1043 3237 1084 3308 J.,
1108 3236 1306 3292 Monumenla
1328 3236 1556 3309 Paedagogicm·
1579 3237 1638 3292 As·

409 3340 518 3401 ultam,
532 3345 579 3401 op.
593 3327 645 3384 cit.

926 3460 1039 3523 codex
1056 3460 1110 3525 13.

469 3588 586 3648 Deerat.
610 3598 639 3647 ct
662 3588 861 3647 insta-Vol.
884 3587 998 3660 0²¹,281
1015 3598 1056 3653 ><
1069 3596 1195 3661 0¹¹¹,2053
1213 3588 1348 3665 ligatum,
1372 3596 1404 3646 et
1417 3587 1594 3645 membrana
1619 3608 1639 3645 a

409 3698 498 3765 tergo
509 3700 661 3764 opertum.

469 3787 628 3862 Inscriptio
640 3788 670 3844 in
682 3788 783 3845 dorso:
801 3785 1017 3845 «DECRETA
1035 3787 1039 3861 l
1058 3784 1113 3843 ET
1132 3786 1136 3862 l
1156 3784 1412 3863 INSTRUCT1.,1
1435 3798 1635 3862 1540-1573.»

470 3886 562 3944 Foliis
582 3885 668 3969 17283
686 3885 811 3961 signatis
826 3885 979 3944 coalescit

468 3984 612 4043 Continet
630 3985 843 4045 instructiones
861 3991 892 4042 et
906 3984 1044 4054 decreta,
1060 3985 1169 4057 partim
1187 3984 1352 4059 archetypa
1369 3984 1550 4055 adversaria,
1563 4002 1635 4057 par·

405 4084 460 4140 tim
474 4084 661 4160 apographa,
673 4100 690 4139 a
704 4082 801 4140 tribus
815 4082 966 4156 prioribus
981 4082 1161 4155 praepositis
1175 4072 1367 4159 generalibus
1381 4083 1540 4144 Societatis
1552 4082 1634 4156 Jesu.

404 4182 581 4254 praesertim
602 4198 677 4238 vero
696 4197 714 4238 a
733 4180 763 4238 S.
789 4180 917 4255 IgnatiO,
939 4180 1029 4237 variis
1054 4179 1193 4253 ejusdem
1217 4170 1376 4238 Societatis
1399 4181 1538 4255 personis
1552 4180 1633 4238 data.

408 4278 494 4337 Haec
507 4287 608 4336 autem
620 4288 825 4350 monumenta,
835 4280 905 4337 licet
920 4278 1023 4352 aliquo
1037 4279 1144 4335 ordine
1156 4279 1374 4355 chronologico
1385 4279 1532 4353 disposita
1546 4296 1635 4351 repe-

403 4379 527 4448 riantur,
542 4376 644 4435 abillo
654 4384 755 4435 tamen
770 4378 892 4452 saepius
908 4376 1079 4435 discedunt.
1091 4376 1173 4435 luter
1187 4378 1264 4435 hacc
1278 4378 1401 4436 decreta
1415 4387 1446 4436 et
1459 4378 1633 4435 instructio-

405 4494 461 4533 nes
475 4476 576 4549 aliqua
591 4477 766 4552 apographa
783 4494 899 4534 coaeva
914 4476 1110 4550 epistolarum
1129 4473 1159 4533 S.
1175 4475 1296 4551 Ignatii,
1311 4484 1343 4533 et
1356 4476 1419 4534 duo
1433 4477 1463 4534 S.
1477 4476 1634 4534 Francisci

407 4576 540 4647 Xaverii,
554 4577 665 4632 inserta
679 4574 838 4633 habentur.

456 4688 617 4745 Adhibitus
631 4689 659 4744 in
674 4689 803 4744 Monuit.
819 4700 947 4747 luston.
962 4688 995 4744 S.
1009 4690 1049 4759 J,
1066 4689 1220 4762 Epistolae
1234 4689 1271 4744 P.
1287 4689 1373 4747 Hiar.
1389 4689 1501 4746 Nudol.
