3625 5400
436 408 489 465 662·
812 404 1020 460 Maroneum
1039 404 1217 459 laustinus

401 560 580 639 duntaxat,
599 580 667 625 non
684 568 815 626 votum.
833 559 911 644 Ego
927 556 1076 642 quidem,
1096 566 1134 623 ut
1147 556 1319 624 nemiuem
1330 558 1453 625 vellem
1468 557 1512 625 ad
1527 558 1634 626 insti·-

403 687 516 743 tutum
534 685 688 743 nostrum
704 672 850 754 allicere,
868 672 928 758 qui
947 670 1057 739 nona
1077 676 1152 741 Deo
1167 672 1175 712 i
1193 674 1238 739 ad
1258 673 1293 739 id
1312 684 1504 756 vocaretur,
1524 674 1575 742 ita
1594 674 1635 741 ic

403 772 605 860 consuetum
633 788 734 856 nobis
754 810 895 872 mone0,
919 789 1011 873 quo‘d
1031 809 1164 875 regere,
1188 799 1349 873 tanquam
1365 810 1468 856 curae
1489 800 1637 858 nostrae·

403 904 614 986 commissos
632 902 778 971 nolimus
794 925 865 985 ωε,
884 902 943 988 qui
959 903 1170 990 propositum
1191 903 1406 990 ingrediendi
1421 904 1632 973 Societatem

404 1032 485 1089 voto
502 1042 571 1088 non
587 1018 807 1087 firmaverint.
827 1020 915 1086 Nam
931 1020 1115 1086 admodum
1131 1019 1289 1087 debiliter
1299 1017 1341 1087 iis
1352 1019 1491 1105 praesis,
1506 1020 1567 1106 qui
1578 1043 1633 1099 se,

408 1158 487 1204 cum
503 1134 651 1217 libuerit,
669 1136 859 1202 subducere
873 1134 1017 1221 possint.
1036 1135 1074 1204 Si
1088 1156 1174 1221 ergo
1189 1134 1288 1202 vobis
1303 1157 1323 1201 e
1338 1136 1466 1203 nostris
1481 1136 1632 1222 aliquem

408 1253 509 1335 mitti,
526 1251 585 1338 qui
600 1250 737 1338 praesit,
755 1251 791 1316 in
805 1251 919 1318 animo
934 1250 1080 1331 habetiS,
1096 1262 1133 1318 ut
1145 1252 1327 1340 deJacobo
1338 1252 1503 1320 Lhoostio
1514 1252 1631 1318 innui-

411 1367 465 1451 tis,
487 1388 557 1435 non
577 1367 676 1435 video
696 1389 779 1435 sane
799 1388 867 1454 quo
887 1366 922 1434 id
942 1368 1045 1434 modo
1066 1368 1256 1434 concedere
1278 1367 1460 1454 possimus,
1482 1368 1560 1443 nisi¹
1577 1369 1637 1437 vel·

407 1507 470 1553 nos
489 1484 729 1554 recesserimus
750 1507 770 1550 a
789 1494 905 1551 nostra
924 1505 997 1550 non
1019 1496 1146 1553 temere
1165 1486 1348 1553 observata
1367 1484 1633 1565 consuetudine,

404 1602 460 1670 vel
474 1623 537 1668 vos
553 1602 618 1667 hoc
634 1611 726 1681 vot0,
745 1622 838 1668 more
850 1600 1006 1681 aliorum,
1020 1600 1230 1687 propositum
1242 1611 1394 1668 vestrum
1406 1600 1631 1675 stabilieritis

472 1718 650 1802 Quantum
667 1717 710 1782 ad
726 1716 905 1783 facultates
921 1725 956 1782 et
976 1716 1232 1801 praerogativas
1252 1714 1386 1795 attinet,
1409 1715 1492 1782 huic
1511 1716 1634 1785 Socie-

407 1830 467 1897 tati
484 1822 693 1898 condonatas
709 1831 752 1896 ad
768 1830 957 1897 animarum
973 1830 1150 1910 auxilium,
1169 1828 1273 1896 nolim
1289 1852 1364 1911 vos,
1379 1833 1471 1916 quod
1481 1853 1552 1898 non
1569 1833 1633 1897 ad-

407 1948 544 2014 modum
560 1936 716 2034 prompte
731 1947 884 2026 ofseram,
903 1946 1139 2033 interpraetari
1154 1946 1198 2013 de
1218 1946 1406 2015 diffidentia
1423 1946 1432 1997 ⁵
1452 1948 1496 2013 de
1515 1947 1632 2032 probi-

407 2072 478 2130 tate
493 2074 528 2130 et
543 2061 724 2150 prudentia
739 2072 854 2131 vestra
869 2060 904 2127 in
921 2062 962 2128 iis
972 2060 1222 2147 dispensandis3
1236 2083 1316 2128 nam
1328 2062 1536 2130 conscientia
1549 2062 1636 2128 mihi

408 2176 504 2247 testis
520 2187 585 2261 est,
599 2179 693 2262 quod
708 2178 752 2245 de
767 2176 865 2244 vobis
880 2176 1009 2264 optima
1024 2189 1058 2244 et
1074 2178 1217 2245 sentiam
1238 2188 1274 2273 et
1294 2198 1439 2263 sperem.
1463 2179 1531 2246 Sed
1552 2198 1633 2244 cum

408 2290 463 2359 hic
481 2295 660 2361 thesaurus
676 2292 863 2380 gratiarum
884 2291 968 2359 mihi
988 2316 1009 2359 a
1032 2313 1164 2359 summo
1184 2292 1348 2378 pontifice
1367 2292 1413 2358 sit
1431 2292 1634 2361 commissus

408 2408 743 2489 inaedificationem,
762 2429 832 2475 non
847 2408 882 2474 in
898 2406 1177 2489 destructionem,
1197 2408 1266 2475 ut¹1
1285 2407 1371 2494 ipse,
1393 2418 1496 2494 prout
1514 2419 1631 2495 aptum

409 2546 579 2609 quemque
595 2525 638 2593 de
658 2524 783 2592 nostris
802 2510 1003 2607 invenerim,
1021 2536 1068 2605 et,
1088 2536 1188 2611 prout
1209 2524 1355 2611 quisque
1370 2546 1457 2610 opus
1477 2525 1629 2605 haberet,

409 2640 654 2727 dispensarem,
678 2640 816 2708 omnino
836 2640 1044 2728 pedetentim
1066 2652 1101 2709 et
1121 2642 1297 2711 moderate
1318 2662 1360 2710 eo
1379 2639 1430 2706 uti
1448 2642 1572 2721 debeo,
1596 2652 1633 2706 ut

410 2755 679 2842 dispensatorem
706 2779 773 2838 me,
797 2777 864 2823 non
893 2755 1142 2842 dissipatorem,
1164 2757 1387 2825 meminerim.
1411 2758 1512 2824 Adde
1538 2756 1632 2841 quod
1745 2732 1746 2797 l

410 2870 526 2954 multi,
548 2873 630 2938 dum
651 2873 839 2939 abutuntur
859 2871 1031 2941 concessis
1051 2871 1116 2938 sibi
1136 2871 1323 2959 privilegiis
1343 2873 1423 2960 (non
1444 2872 1487 2938 de
1508 2871 1633 2938 nostris
1745 2930 1746 2957 ,

410 2989 544 3071 loquor,
562 2987 687 3073 quibus
702 2988 765 3054 Dei
779 2988 889 3074 gratia
901 3009 966 3056 nec
978 2986 1084 3070 abuti,
1099 2989 1191 3072 quod
1203 2987 1321 3069 sciam,
1336 3009 1399 3055 nec
1411 2988 1536 3074 privari
1547 3007 1632 3054 con·
1745 2982 1746 3057 l

411 3101 512 3190 tigit),
531 3102 720 3172 hisdiebus
736 3103 861 3189 privari
876 3103 1005 3172 eisdem
1020 3114 1291 3190 promeruerunt.
1311 3105 1415 3189 Quod
1430 3101 1532 3170 etiam
1549 3124 1631 3170 cau·
1745 3070 1746 3149 l

411 3219 514 3288 tiores
529 3233 596 3286 nos
608 3220 721 3288 facere
735 3221 838 3287 debet
854 3230 903 3300 ut,
927 3221 1014 3286 bene
1035 3239 1075 3286 ac
1096 3221 1268 3286 moderate
1291 3220 1418 3286 utendo
1438 3239 1479 3286 ac
1493 3218 1628 3305 dispen-
1745 3190 1746 3205 ἵ

410 3336 530 3414 sando,
553 3335 729 3402 stabiliora
750 3335 924 3416 faciamus,
948 3356 1035 3421 quae
1055 3333 1154 3401 nobis
1173 3345 1253 3400 sunt
1274 3335 1413 3402 donata.
1437 3336 1537 3420 Quae
1563 3344 1630 3401 tam
1745 3380 1746 3385 κ

411 3471 487 3516 rara
509 3461 601 3532 sunt,
625 3460 662 3517 ut
683 3449 829 3517 invidiae
849 3451 951 3518 etiarn
971 3451 1114 3518 reddere
1133 3472 1196 3516 nos
1215 3449 1381 3516 obnoxios
1401 3448 1545 3536 possint,
1567 3449 1637 3516 nisi

412 3565 608 3632 facultatem
624 3565 855 3632 moderatione
870 3565 878 3605 ¹
894 3577 1133 3652 temperemus.

478 3681 575 3749 Haec
591 3679 667 3748 ideo
683 3691 763 3748 sunt
779 3703 798 3748 a
815 3703 870 3748 me
885 3681 988 3763 dicta,
1007 3692 1046 3747 ut
1065 3681 1265 3768 intelligatis
1285 3703 1355 3747 non
1374 3701 1451 3750 esse
1466 3679 1588 3748 mirum
1605 3679 1637 3745 si
1745 3702 1746 3753 3

411 3795 500 3864 scire
515 3795 616 3863 velim
632 3796 715 3881 quid
730 3808 764 3866 et
780 3796 837 3863 cui
849 3798 1034 3866 conferam.
1049 3796 1206 3883 Quisque
1217 3817 1302 3884 ergo
1313 3819 1356 3864 ex
1367 3795 1421 3876 iis,
1436 3795 1495 3881 qui
1506 3795 1634 3882 aliquid

411 3909 606 3978 huiusmodi
618 3912 806 3999 gratiarum
819 3915 862 3980 ad
873 3912 1104 4000 proximorum
1116 3911 1385 3980 aedificationem
1397 3912 1539 3998 appetit,
1548 3911 1632 3976 mihi
1745 3970 1746 3975 ,

411 4027 548 4110 scribat,
567 4049 719 4095 seorsum
736 4040 860 4110 tamen,
879 4051 1045 4116 personae
1060 4050 1144 4098 suae
1159 4029 1351 4115 qualitates,
1364 4026 1545 4109 desideria,
1558 4039 1638 4093 stu*

410 4141 543 4210 diorum
559 4165 790 4230 progressum,
807 4156 842 4213 et
858 4145 997 4231 quaein
1012 4166 1050 4214 se
1065 4166 1140 4212 esse
1155 4143 1316 4231 intelligit
1331 4144 1454 4211 idonea
1469 4145 1512 4210 ad
1524 4145 1632 4210 facul·
1745 4190 1746 4193 ,

412 4270 500 4325 tates
516 4261 618 4327 hasce
634 4261 790 4342 utendas;
808 4271 880 4326 tum
897 4259 1097 4328 nominatim
1113 4260 1194 4346 quid
1211 4271 1315 4346 petat,
1333 4263 1410 4340 hoc,
1424 4282 1469 4326 an
1481 4259 1577 4340 illud,
1591 4280 1638 4325 an
1745 4320 1746 4323 ,

415 4385 654 4460 utrumque3et
665 4376 799 4459 tunc,si
811 4375 893 4462 quid
904 4378 1083 4446 contulero
1096 4379 1145 4465 (ut
1157 4377 1314 4445 conferre
1325 4376 1361 4442 in
1372 4375 1486 4442 animo
1497 4375 1636 4456 habeo),

431 4492 625 4504 ω-ι--α

468 4537 476 4578 i
511 4539 561 4610 qui
579 4557 596 4595 a
613 4555 671 4594 nou
685 4539 750 4594 Deo
761 4556 816 4593 ms.
854 4539 897 4590 -i
918 4538 1007 4594 Forte
1020 4538 1129 4594 melius
1145 4538 1178 4592 in
1195 4538 1251 4591 alf.
1270 4555 1330 4592 ex„-
1346 4533 1633 4608 interpraetandiffr

415 4625 556 4683 dentiam.
593 4632 644 4672 —k
656 4625 896 4700 destructionem,
907 4635 939 4682 et
947 4628 1003 4683 alt.
1013 4645 1059 4683 ex.
1098 4629 1142 4669 —1
1159 4625 1330 4682 facultatem
1342 4624 1380 4681 de
1393 4623 1508 4681 ratione
1520 4624 1576 4680 alt.
1590 4641 1637 4679 ex.
