3625 5400
739 436 948 490 Mortuum
968 433 1150 490 lenimur

874 616 937 697 157
962 615 996 658 i*

524 749 679 816 PATER
702 748 771 815 FR.
799 749 1091 819 FRANCISCUS
1113 751 1177 816 DE
1201 749 1363 817 MEDDE

658 861 777 918 PATRI
795 861 967 922 IGNATIO
986 864 1038 919 DE
1058 862 1222 922 LOYOLA

705 973 848 1017 nouom
861 973 896 1016 22
907 974 1055 1028 Jrnnnmr
1070 974 1137 1032 1547
1153 967 1173 1018 ¹.
1609 1039 1615 1056 Ι

320 1077 481 1151 Ignatium
499 1081 590 1152 rogat
607 1078 681 1133 velit
698 1077 841 1133 Societati
856 1095 877 1132 a
898 1095 928 1133 se
949 1079 1087 1134 conditae
1104 1079 1277 1153 adjungere
1285 1078 1354 1152 pior
1373 1080 1553 1149 sacerdotes,

376 1166 484 1238 quihus
497 1183 605 1223 nomen
617 1171 660 1222 eet
672 1184 693 1221 a
706 1166 879 1232 Somaeclia,
892 1167 1027 1239 altosque
1039 1168 1093 1240 qui
1105 1169 1234 1225 theatini
1242 1169 1336 1242 vulgo
1344 1168 1554 1242 appellantur,
1601 1179 1607 1196 '

379 1261 412 1311 ut
424 1273 536 1321 omnes,
549 1256 603 1311 sub
614 1256 716 1312 eodem
728 1257 826 1329 capite
837 1256 1005 1322 contristati,
1018 1258 1052 1312 in
1066 1275 1162 1312 unum
1175 1261 1284 1330 corpus
1296 1257 1473 1313 coalescant.

923 1382 944 1468 †

386 1518 422 1574 In
437 1515 557 1576 Christo
569 1517 642 1591 Jesu
656 1517 752 1593 gratia
766 1524 797 1573 et
810 1535 874 1591 pax
887 1533 906 1574 a
922 1517 989 1574 Deo
1005 1525 1091 1590 patre
1106 1525 1219 1577 nostro.

387 1615 444 1673 Gih
451 1615 536 1674 molti
548 1617 623 1674 mesi
634 1615 747 1690 passati
758 1615 951 1673 scriuessimo
963 1614 1020 1673 aila
1031 1615 1067 1675 R.
1074 1615 1121 1686 V.,
1129 1616 1335 1674 indirizandoli
1348 1617 1375 1674 le
1386 1616 1491 1674 lettere
1500 1633 1554 1690 per

327 1715 355 1773 in'
370 1715 420 1773 uia
434 1714 465 1772 di
477 1715 569 1772 miser
579 1713 643 1772 don
655 1713 768 1772 Batista
779 1713 909 1784 Pezano,
922 1713 960 1770 da
973 1713 1089 1784 Parma,
1098 1723 1129 1770 et
1139 1715 1198 1772 mai
1210 1714 1375 1773 habbiamo
1386 1716 1499 1774 hauuta
1513 1716 1553 1772 ri-

320 1821 441 1888 sposta:
457 1830 519 1870 non
534 1813 672 1886 sapiamo
686 1811 791 1870 donde
806 1811 961 1886 procieda.
973 1809 1074 1882 Onde,
1085 1811 1229 1870 andando
1241 1813 1291 1870 noi
1302 1813 1333 1870 di
1346 1821 1487 1886 presente
1500 1829 1554 1886 per

329 1910 505 1969 obedientia
520 1910 552 1968 di
567 1912 662 1969 nostri
676 1909 782 1985 prelati
796 1928 815 1968 a
829 1911 978 1985 predicar’
993 1911 1023 1967 in
1038 1910 1068 1967 lo
1087 1910 1202 1969 duomo
1221 1911 1252 1968 di
1272 1911 1409 1987 Perugia‚
1432 1919 1463 1969 et
1482 1929 1552 1984 pas-

326 2010 426 2067 sando
440 2026 503 2082 qua
516 2009 556 2067 da
571 2009 728 2085 Bolognia‚
742 2017 773 2067 et
786 2010 850 2083 pria
865 2009 1009 2066 hauendo
1021 2025 1039 2066 a
1050 2007 1157 2066 Parma
1168 2025 1186 2066 a
1197 2009 1312 2086 longho
1322 2011 1481 2086 regionato
1492 2027 1551 2068 con

328 2106 358 2164 lo
374 2107 505 2181 prefatto
520 2107 583 2164 don
597 2106 709 2164 Batista
724 2115 755 2164 et
768 2123 827 2165 con
841 2106 870 2164 la
883 2105 983 2164 Giulia
997 2103 1018 2177 ²,
1033 2105 1197 2165 habbiamo
1211 2106 1327 2180 perlato
1341 2123 1403 2180 qna
1417 2124 1476 2165 con
1496 2109 1552 2165 mi-

327 2222 379 2263 ser
394 2204 558 2263 Paschasio
571 2202 583 2232 ³
597 2205 628 2264 di
643 2205 745 2278 quello
760 2206 818 2262 che
832 2205 1025 2267 scriuessimo
1039 2204 1097 2262 alla
1117 2205 1151 2264 R.
1176 2205 1223 2278 V.;
1243 2211 1274 2263 et
1293 2205 1344 2276 lui,
1364 2213 1490 2282 pregato
1512 2206 1552 2263 da

328 2301 390 2373 noi,
407 2303 445 2360 ha
460 2302 545 2360 detto
560 2302 590 2361 di
605 2303 748 2374 scriuere,
762 2310 793 2360 et
807 2303 864 2360 che
879 2303 930 2358 noi
945 2303 1079 2360 anchora
1094 2303 1255 2362 scriuiamo
1266 2303 1296 2360 di
1308 2321 1412 2376 nuouo
1423 2321 1440 2360 a
1451 2304 1552 2377 quella

326 2401 360 2458 di
373 2400 414 2459 tal
428 2401 564 2477 negotio,
577 2401 668 2473 quale
682 2402 700 2459 ὲ
718 2407 845 2459 cotesto.
862 2399 921 2458 Noi
936 2418 1124 2474 pensauamo
1139 2409 1169 2457 et
1184 2402 1342 2475 pensiamo
1358 2419 1432 2459 cosa
1446 2403 1552 2460 ottima

329 2516 384 2579 per
398 2501 501 2570 esser’,
516 2499 642 2572 quando
656 2500 685 2557 la
698 2498 802 2558 diuina
817 2500 931 2556 maeste
946 2499 1135 2557 concedesse
1150 2501 1244 2574 gratia
1265 2501 1323 2557 che
1342 2499 1369 2557 ie
1392 2500 1455 2558 RR.
1475 2499 1553 2572 VV.,

330 2605 519 2672 congregate
533 2597 564 2653 in
584 2598 707 2654 nomine
724 2593 806 2671 Jesu,
825 2613 858 2654 se
879 2597 1025 2654 unessino
1046 2614 1106 2655 con
1127 2597 1218 2670 quelli
1237 2597 1387 2656 sacerdoti
1408 2598 1552 2656 riionnati

327 2693 409 2752 della
425 2693 610 2753 Lombardia
625 2691 646 2766 ⁴,
661 2704 692 2753 et
705 2698 839 2753 anchora
853 2713 912 2753 con
928 2694 946 2752 li
959 2696 1085 2753 teathini
1101 2693 1122 2767 ⁸,
1137 2704 1167 2754 et
1181 2698 1250 2755 tutti
1265 2696 1283 2753 li
1303 2695 1422 2770 preiatti
1445 2713 1504 2754 con
1525 2695 1553 2754 ie

330 2792 394 2851 RR.
411 2792 488 2863 VV.‚
502 2792 543 2849 tal
557 2794 614 2850 che
628 2792 660 2850 di
673 2794 742 2851 tutti
756 2794 780 2851 si
795 2793 912 2851 facesse
928 2812 987 2852 una
1002 2794 1114 2853 unione
1129 2812 1147 2851 e
1162 2796 1399 2871 congregatione
1410 2795 1441 2851 di
1452 2811 1553 2853 sacer-

327 2890 394 2948 doti
408 2890 562 2961 risormati‚
577 2899 658 2949 sotto
673 2891 692 2948 il
706 2892 792 2949 titolo
806 2891 848 2949 dil
861 2909 953 2950 nome
969 2892 999 2950 di
1014 2891 1117 2963 Giesh,
1133 2900 1163 2949 et
1177 2901 1258 2951 sotto
1277 2892 1305 2950 la
1326 2891 1500 2950 obedientia
1521 2892 1551 2950 di

328 3006 392 3047 uno
407 3006 485 3062 capo
499 2986 593 3065 (apuo
608 2989 674 3065 [sic]
688 2989 716 3047 la
731 2990 839 3047 santith
853 2990 895 3049 dii
908 3007 999 3064 papa,
1013 2990 1094 3067 cte.);
1108 2992 1221 3065 perche
1240 2990 1373 3048 essendo
1387 2991 1455 3048 tutti
1469 2990 1488 3047 ii
1504 3007 1552 3048 sa-

324 3087 444 3145 cerdoti
460 3086 589 3161 predetti
603 3087 635 3143 di
649 3088 751 3145 animo
767 3088 861 3145 fermo
876 3088 907 3146 di
922 3087 1015 3146 uoler'
1031 3090 1142 3146 cercar'
1158 3088 1284 3145 l'honor'
1300 3088 1330 3145 di
1346 3088 1404 3146 Dio
1419 3097 1450 3146 et
1463 3088 1491 3146 la
1503 3105 1551 3145 sa-

327 3184 389 3243 lute
404 3185 435 3242 di
451 3184 580 3255 l’anime,
595 3191 626 3242 et
640 3184 705 3243 cosi
720 3184 813 3243 fanno
828 3187 858 3243 in
872 3186 987 3257 effetto,
1007 3186 1031 3243 si
1054 3186 1269 3259 persuadiamo
1289 3188 1346 3243 che
1368 3202 1422 3260 per
1442 3195 1551 3259 questa

326 3283 428 3341 cotale
442 3283 555 3342 unione
568 3284 742 3359 seguinano
762 3284 965 3359 grandissimo
980 3286 1086 3342 honor'
1102 3284 1132 3342 di
1147 3284 1206 3341 Dio
1221 3292 1252 3343 et
1269 3285 1334 3343 altri
1349 3286 1455 3343 infiniti
1470 3284 1551 3371 heni,

328 3399 390 3440 non
406 3381 473 3439 solo
487 3399 541 3456 per
555 3381 669 3453 iitalia,
684 3399 734 3447 ma
747 3399 803 3456 per
815 3390 894 3440 tutto
908 3382 929 3439 il
943 3383 1067 3440 mondo:
1083 3382 1270 3440 nondimeno
1288 3382 1308 3439 ii
1329 3390 1434 3441 nostro
1455 3385 1550 3457 parer·

328 3480 358 3537 io
372 3480 542 3554 repotiamo
556 3497 574 3537 a
589 3480 691 3553 quelli,
706 3481 764 3538 che
778 3481 830 3554 pih
845 3480 979 3556 ueghino
994 3480 1026 3537 di
1039 3487 1123 3537 notte
1138 3482 1195 3537 che
1210 3482 1261 3538 noi
1276 3481 1307 3538 di
1321 3482 1437 3557 giorno

389 3577 472 3635 Uero
486 3578 503 3635 e
518 3578 576 3636 che
590 3578 627 3636 V.
643 3578 679 3635 R.
695 3577 821 3653 poderia
835 3578 889 3635 dir'
901 3580 1004 3635 hauer'
1017 3580 1224 3636 constitutioni
1235 3579 1265 3636 di
1277 3596 1338 3635 non
1349 3580 1471 3637 acettar'
1483 3596 1552 3653 per-

328 3692 405 3734 sona
418 3676 449 3732 di
464 3676 538 3734 altra
552 3674 709 3753 reiigione,
724 3694 813 3734 come
827 3678 853 3733 ci
869 3678 909 3733 ha
924 3677 1009 3734 detto
1021 3678 1111 3735 miser
1122 3675 1296 3748 Paschasio;
1308 3695 1357 3734 ma
1368 3685 1478 3750 questo
1489 3695 1551 3734 non

328 3776 397 3847 paie
411 3775 469 3831 che
484 3774 574 3846 obsti,
589 3776 700 3849 perche
715 3776 734 3832 li
749 3774 868 3849 presatti
883 3774 1034 3845 sacerdoti
1048 3793 1110 3833 non
1129 3793 1207 3832 sono
1229 3776 1259 3833 di
1278 3774 1426 3851 religione
1444 3776 1553 3833 alcuna

327 3871 391 3949 (ma
405 3890 483 3929 sono
498 3872 635 3947 semplici
649 3874 811 3943 sacerdoti,
825 3891 844 3931 e
857 3891 920 3931 non
933 3873 1088 3950 religiosi),
1101 3875 1176 3948 perh
1191 3874 1293 3932 ritirati
1308 3873 1348 3931 ad
1362 3891 1425 3931 uno
1437 3874 1488 3948 pih
1498 3890 1551 3931 co·

325 3978 460 4029 stumato
474 3972 568 4029 modo
582 3958 613 4029 di
624 3973 718 4030 uiuer'
728 3972 772 4049 (et
783 3973 999 4046 propriamenti
1011 3972 1050 4029 da
1061 3973 1182 4030 chierici
1192 3971 1366 4048 christiani);
1378 3980 1408 4029 et
1419 3972 1551 4029 essendo

379 4212 387 4241 ¹
426 4212 470 4265 Ex
483 4220 596 4282 autogr.
611 4211 641 4266 in
656 4210 728 4267 Cori.
742 4210 902 4277 diversor„
917 4211 1003 4266 unico
1017 4210 1079 4281 iol„
1093 4228 1121 4266 n.
1139 4224 1183 4280 10,
1197 4210 1277 4283 prius
1288 4224 1304 4265 2
1317 4220 1348 4266 et
1360 4208 1424 4265 303.

379 4302 391 4333 ¹
428 4299 508 4369 Julia
519 4300 658 4369 Zerbina,
672 4300 828 4368 sanctitate
842 4300 961 4372 nobilis,
973 4299 1011 4355 de
1024 4316 1080 4373 que
1091 4300 1215 4372 piurima
1225 4298 1445 4369 ΟιῑιΑΝοιΝυε,
1457 4299 1495 4369 11,
1506 4298 1555 4368 763

327 4384 800 4534 Endptdffialgigtfflm

380 4566 392 4599 ⁴
429 4563 505 4621 Vide
518 4566 672 4638 epistolam
686 4565 875 4639 superiorem.

381 4654 393 4689 ⁸
430 4652 506 4708 Vide
519 4654 673 4725 epistolam
686 4663 870 4728 sequentem.
