3625 5400
688 402 787 455 luuax
807 410 984 457 nucroauu
1362 411 1413 467 751

219 553 337 620 Paasz,
352 552 494 623 Raphaiil,
509 550 540 609 S.
557 551 665 622 J.-La
679 550 769 606 Santa
787 549 863 605 Casa
876 550 914 605 de
932 550 1054 621 Loyola,
1070 566 1122 621 por
1138 551 1166 604 el
1186 551 1219 609 P.
1239 550 1343 605 Ralael
1362 552 1455 607 Perea

272 639 309 695 de
323 644 351 695 la
364 641 524 713 Companla
537 641 575 696 de
588 642 689 712 Jesus.
709 640 831 695 Estudio
844 639 985 695 historico
998 638 1150 694 ilustrado.
1166 640 1280 711 Bilbao‚
1297 640 1377 709 1891.

220 730 340 797 Ρ1111118,
354 732 496 802 Joannes,
509 730 541 785 S.
562 732 705 800 J.-Acta
722 729 897 784 Sanctorum
916 728 999 799 Julii,
1018 735 1088 784 tom.
1104 728 1161 784 VII
1179 746 1246 801 pars
1265 730 1302 784 11.
1327 732 1456 785 Antver·

274 820 351 892 piae,
366 818 587 893 MDCCXXXI.

222 906 398 979 Pounnata,
412 907 631 979 Julius-Julii
644 907 767 978 Pogiani
785 906 929 962 Sunensis
942 906 1086 978 epistolae
1100 916 1131 962 et
1148 906 1297 963 orationes
1314 908 1385 962 olim
1397 910 1457 964 col-

274 998 369 1053 lectae
383 999 420 1052 ab
435 996 565 1052 Antonio
579 997 669 1051 Maria
683 997 837 1065 Gratiano,
850 1012 928 1051 nunc
942 998 980 1051 ab
997 996 1181 1069 Hieronymo
1204 996 1424 1067 Lagomarsinio
1438 1013 1455 1052 e

273 1086 424 1142 Societate
446 1088 519 1158 Jesu
540 1085 778 1142 adnotationibus
805 1085 969 1141 illustratae
990 1102 1025 1140 ac
1046 1086 1173 1157 primum
1195 1085 1304 1144 editae.
1331 1086 1454 1154 Romae,

277 1175 720 1235 M.DCC‚LVI·M.DCC.LXII.

223 1266 408 1334 PounnctJS,
422 1266 552 1337 Joanrres
566 1266 745 1337 Alphonsus,
759 1263 791 1318 S.
806 1264 870 1335 J.-
879 1263 950 1319 Vita
963 1263 1068 1335 Ignatii
1079 1263 1199 1319 Loiolae
1209 1272 1239 1318 et
1249 1281 1346 1319 rerum
1357 1265 1456 1319 Socie-

277 1355 346 1409 tatis
360 1356 432 1426 Jesu
441 1348 577 1423 historia,
592 1361 711 1410 auctore
725 1354 838 1424 Joanne
853 1354 1006 1425 Alphonso
1017 1352 1056 1408 de
1069 1353 1197 1408 Polanco
1210 1353 1343 1424 ejusdem
1356 1353 1457 1409 Socie-

279 1443 347 1499 tatis
361 1444 524 1499 sacerdote.
539 1442 659 1512 Matriti,
676 1441 840 1513 1894-1898.

226 1532 326 1601 PRAT,
339 1534 470 1603 Joannes
483 1533 585 1603 Maria,
599 1532 630 1587 S.
646 1533 755 1604 J.-Le
768 1533 842 1587 Pete
855 1530 969 1588 Claude
982 1532 1010 1586 le
1024 1532 1080 1604 Jay
1093 1550 1134 1587 un
1151 1531 1204 1587 des
1222 1532 1364 1604 premiers
1381 1550 1460 1588 corn·

278 1638 410 1693 pagnons
422 1621 460 1677 de
474 1621 505 1677 8.
520 1622 625 1693 lgnace
638 1621 676 1676 de
689 1620 940 1690 Loyola.-Essai
952 1618 1126 1692 historique.
1139 1620 1194 1675 Par
1204 1622 1232 1675 le
1245 1620 1278 1674 P.
1294 1621 1376 1691 J.·lll.
1390 1622 1461 1676 Prat

279 1711 316 1766 de
331 1712 358 1766 la
371 1711 553 1785 Compagnie
565 1711 603 1767 de
616 1712 715 1782 Jesus.
731 1710 826 1781 Lyon,
843 1709 922 1779 1874.
1211 1778 1214 1781 ᾗ

227 1801 421 1856 —Memoires
434 1818 507 1873 pour
521 1802 615 1857 servir
632 1800 649 1855 ὲ
668 1800 812 1856 l'histoire
829 1799 869 1854 du
888 1800 964 1855 Pere
985 1800 1074 1854 Broet
1096 1807 1127 1853 et
1148 1798 1202 1854 des
1223 1798 1354 1870 origines
1375 1799 1413 1854 de
1432 1802 1461 1855 la

280 1890 463 1963 Compagnie
477 1890 514 1945 de
528 1891 617 1961 Jksus
630 1906 668 1945 en
681 1890 793 1945 France
807 1906 858 1961 par
871 1906 911 1943 un
928 1888 1074 1959 religieux
1091 1888 1130 1943 du
1149 1888 1245 1943 meme
1263 1888 1357 1943 ordre.
1380 1900 1459 1957 1566-

282 1980 361 2047 1564.
377 1980 419 2034 Le
435 1974 507 2049 Puy,
522 1978 601 2047 1885.

212 2069 445 2139 arrnntutJS,
470 2066 636 2137 Odoricus,
661 2067 758 2138 Cong.
784 2066 870 2125 Orat.
893 2096 926 2108 -·
944 2067 1076 2122 Annales
1100 2067 1304 2131 ecclesiastici,
1321 2068 1359 2121 ab
1383 2082 1459 2122 anno

281 2156 474 2226 MCXCVIII.
489 2158 540 2212 ubi
552 2156 661 2211 desinit
675 2155 840 2211 Cardinalis
853 2156 1007 2223 Baronius,
1025 2164 1145 2211 auctore
1162 2154 1291 2213 Odorico
1308 2156 1461 2228 Rayualdo

230 2272 233 2277 ·
281 2244 528 2317 Congregationis
550 2244 680 2304 Oratorii
702 2247 886 2317 presbytero.
912 2244 1067 2300 Accedunt
1090 2244 1121 2299 in
1143 2246 1198 2299 hac
1217 2244 1354 2300 Editione
1373 2255 1461 2300 notae

281 2336 517 2406 chronologicae,
535 2334 668 2405 criticae,
685 2333 889 2419 historicae,.3.
913 2343 1033 2389 auctore
1054 2335 1167 2405 Joanne
1190 2332 1346 2395 Dominico
1367 2332 1462 2390 Mansi

282 2424 410 2480 Lucensi
427 2423 674 2495 congregationis
692 2422 793 2480 Matris
811 2424 878 2479 Dei.
901 2423 1012 2489 Tomus
1035 2424 1177 2479 Decimus
1198 2433 1329 2496 quartus.
1352 2424 1463 2496 Lucae,

283 2512 458 2569 MDCCLV.

229 2604 461 2671 mutuarentur,
484 2603 600 2671 Petrus,
625 2602 656 2657 S.
681 2601 911 2674 J.-Catalogus
932 2602 1108 2674 scriptorum
1129 2600 1281 2672 religionis
1304 2601 1463 2657 Societatis

283 2691 361 2748 lesv:
377 2692 506 2748 Auctore
525 2692 558 2746 P.
578 2692 666 2746 Petro
685 2691 882 2748 Ribadeneira
902 2691 1061 2748 Societatis
1079 2690 1212 2747 eiusdem
1232 2691 1383 2762 Theologo
1404 2692 1465 2746 Aa·

283 2781 426 2852 tverpiae‚
440 2781 517 2840 CII).
533 2781 608 2842 130.
623 2782 705 2836 XIII.

230 2870 335 2926 -Vita
349 2871 456 2941 Ignatii
470 2871 588 2927 Loiolae
602 2872 653 2944 qvi
665 2871 850 2942 Religionem
865 2871 1047 2927 Clericorum
1061 2871 1220 2927 Societatis
1239 2873 1306 2926 lesv
1324 2871 1464 2926 instituit.
1542 2866 1544 2869 ’

284 2960 310 3014 Α
325 2960 412 3014 Petro
426 2959 621 3015 Ribadeneira
635 2961 788 3015 sacerdote
801 2961 960 3016 Societatis
973 2960 1107 3016 eiusdem
1117 2960 1230 3032 pridem
1243 2960 1423 3031 conscripta,
1434 2968 1466 3014 et

189 3075 192 3084 =
284 3065 362 3104 nunc
375 3048 472 3104 denuo
485 3049 637 3120 recognita
651 3058 681 3103 et
695 3050 882 3121 locupletata.
897 3049 1026 3120 Madriti,
1040 3049 1271 3108 M.D.LXXXV.

232 3137 342 3192 -Vida
355 3137 402 3192 del
416 3138 450 3193 B.
467 3138 499 3192 P.
514 3139 642 3192 Maestro
656 3138 775 3208 lgnacio
788 3137 825 3192 de
843 3137 951 3210 Loyola
964 3136 1109 3193 lundador
1120 3137 1158 3192 de
1177 3139 1204 3192 la
1221 3136 1360 3208 Religion
1379 3137 1417 3192 de
1437 3138 1465 3192 la

283 3224 443 3298 Companr'a
461 3227 498 3282 de
516 3226 723 3281 leave—Vide
740 3227 787 3282 del
807 3227 900 3281 Padre
918 3228 1047 3282 Maestro
1065 3226 1162 3298 Diego
1182 3227 1336 3298 Laynez...
1355 3225 1466 3293 (Obras

282 3315 329 3370 del
343 3315 437 3370 Padre
451 3315 547 3370 Pedro
558 3315 595 3370 de
608 3314 851 3386 Ribadeneyra...
866 3331 953 3386 agora
964 3315 1001 3371 de
1012 3332 1109 3372 nueuo
1122 3315 1248 3370 reuistas
1261 3333 1281 3388 y
1294 3323 1464 3371 acreceuta·

282 3403 345 3458 das.
361 3404 484 3473 llladrid,
500 3403 660 3474 M.DC.V.)

231 3493 438 3560 RontsarctUS,
453 3494 565 3560 Simon,
578 3493 609 3550 S.
625 3494 738 3564 J.-De
751 3493 864 3564 origine
884 3503 915 3549 et
932 3511 1090 3566 progressu
1108 3493 1267 3551 Societatis
1287 3495 1355 3550 lesu
1372 3511 1466 3565 usque

285 3581 321 3636 ad
335 3583 398 3637 eius
411 3583 663 3638 confirmationem
676 3583 918 3638 commentarium
932 3584 967 3638 P.
981 3584 1110 3640 Simonis
1123 3583 1291 3654 Rodriguez
1303 3583 1354 3655 qui
1373 3581 1429 3636 luit
1449 3599 1467 3636 e

287 3687 393 3726 novem
407 3673 495 3727 sociis
509 3672 539 3728 8.
554 3672 662 3743 Ignatii
677 3672 783 3726 Patris.
798 3674 921 3743 Romae,
938 3672 1017 3742 1869.

232 3763 310 3816 Rurz
325 3775 367 3815 Da
381 3760 526 3831 Lacum,
543 3757 904 3834 joannes-Compendio
921 3763 1053 3818 historial
1073 3762 1110 3818 de
1129 3765 1174 3818 los
1193 3779 1365 3834 progressos
1382 3762 1420 3815 de
1439 3762 1468 3816 la

287 3849 393 3905 civdad
406 3851 443 3906 de
458 3851 611 3906 Placencia
624 3869 661 3905 en
677 3851 860 3924 bombardia,
876 3869 896 3924 y
909 3852 948 3907 de
960 3855 1004 3908 los
1018 3854 1146 3908 Senores
1158 3871 1216 3924 que
1229 3854 1256 3907 la
1270 3854 1327 3906 han
1337 3851 1467 3906 domina·

287 3939 360 3995 do...
372 3939 554 4012 Cumpvesto
564 3957 617 4012 por
627 3941 654 3995 el
666 3942 776 3995 Doctor
787 3942 853 3996 Don
865 3943 937 3996 luan
947 3941 1022 3997 Ruiz
1031 3942 1068 3997 de
1080 3942 1235 4012 Laguna...
1249 3941 1371 4009 Madrid,
1388 3938 1467 4008 1637.

234 4028 313 4084 Rurz
328 4042 369 4083 us
384 4031 553 4098 Vesanus,
567 4029 751 4084 Franciscus.
790 4030 923 4085 Historia
935 4030 983 4086 del
996 4030 1120 4102 Colegio
1136 4030 1223 4102 Viejo
1240 4031 1278 4084 de
1296 4030 1328 4085 8.
1347 4031 1468 4084 Bartho-

287 4118 376 4188 lorne,
391 4119 492 4189 Mayor
503 4117 540 4172 de
554 4119 582 4172 la
594 4119 713 4172 celebre
727 4118 925 4174 Universidad
942 4119 980 4174 de
998 4119 1205 4174 Salamanca...
1225 4119 1354 4174 Primera
1372 4126 1467 4190 parte.

289 4206 402 4260 Escrita
414 4221 465 4278 por
479 4208 506 4261 el
520 4206 605 4261 lll.mo
619 4205 664 4260 S.r
677 4207 714 4261 D.
730 4209 753 4260 F
754 4207 886 4262 rancisco
897 4209 972 4262 Ruiz
981 4207 1018 4263 de
1029 4209 1171 4279 Vergara,
1185 4226 1204 4279 y
1217 4209 1322 4278 Alere,
1333 4206 1380 4262 del
1392 4206 1469 4262 Con-

288 4293 360 4366 sejo‚
375 4313 395 4366 y
409 4294 532 4350 Canrara
545 4294 582 4349 de
596 4294 728 4366 Castilla,
744 4293 877 4366 Colegial
890 4296 938 4352 del
958 4298 1063 4352 mismo
1080 4297 1237 4368 Colegio...
1256 4295 1428 4367 Corregida,
1448 4313 1468 4368 y

287 4383 462 4438 aumentada
476 4401 514 4438 en
527 4391 591 4438 esta
604 4384 737 4456 segunda
750 4383 866 4441 edicion
884 4403 937 4458 por
954 4387 1021 4442 Don
1040 4386 1151 4458 Joseph
1168 4386 1206 4441 de
1222 4387 1334 4450 Rotas,
1353 4405 1373 4458 y
1393 4385 1469 4440 Con·

288 4480 390 4542 tiaras,
408 4472 544 4544 Marques
556 4471 594 4527 de
609 4473 765 4543 Alventos,
778 4472 826 4528 del
840 4473 981 4544 Consejo,
995 4491 1015 4546 y
1027 4474 1152 4530 Cumara
1164 4474 1201 4529 de
1216 4474 1325 4544 indias,
1337 4483 1399 4530 etc.
1413 4473 1471 4529 Co·

288 4561 375 4632 legial
388 4579 408 4634 y
422 4563 529 4616 Rector
542 4579 599 4634 que
614 4561 662 4616 fue
675 4561 722 4616 del
741 4563 921 4634 expressado
934 4563 1092 4634 Colegio...
1107 4562 1230 4632 Madrid,
1248 4565 1325 4633 1766.
