3625 5400
542 507 645 561 Eersr.
668 503 803 583 187···„20
822 505 966 561 Anausn
988 515 1055 574 1547
1323 513 1374 570 577

84 726 89 734 .
183 683 242 748 per
258 662 291 727 la
306 659 492 730 medesima
507 661 649 746 pouerta
666 658 731 725 alle
745 651 863 724 diuine
878 631 1116 740 consolationi,
1140 658 1233 743 quali
1253 657 1409 744 sogliono

183 776 264 844 nelli
280 775 373 844 serui
388 775 423 840 d’
442 775 513 841 ldio
530 783 625 840 tanto
640 773 699 859 piri
714 753 901 853 abundare,
920 783 1049 858 quanto
1065 775 1212 840 mancho
1227 774 1410 839 abundano

184 894 217 960 le
229 914 310 960 cose
322 902 357 960 et
368 888 575 959 commodita
586 887 767 970 terrene3si
780 909 845 974 pur
856 889 930 955 loro
944 910 1030 955 sano
1038 887 1167 974 impirsi
1179 887 1214 955 di
1225 887 1334 956 Giesh
1345 887 1410 956 X.⁰

184 1030 204 1074 a
221 1008 275 1075 cio
291 1005 439 1092 suplisca
455 1005 479 1070 il
495 1015 584 1078 tutto
600 1024 620 1069 e
635 1003 686 1070 sia
703 1002 738 1068 in
754 1024 838 1070 vece
853 1003 888 1068 d'
906 1003 988 1090 ogni
1004 1023 1096 1070 cosa.
1227 1079 1230 1084 ,

251 1126 308 1190 Ma
325 1143 393 1187 non
410 1119 537 1213 accade
551 1141 689 1205 pessare
705 1131 719 1158 ⁸
734 1119 821 1185 oltra
837 1118 872 1184 in
889 1130 1022 1204 questo.
1049 1119 1143 1187 Basti
1167 1118 1221 1186 cio
1242 1117 1256 1158 ¹³
1276 1121 1296 1186 e
1316 1120 1411 1185 detto

185 1260 246 1324 per
261 1258 387 1304 eomun
403 1235 633 1303 consolatione
648 1246 684 1301 et
698 1233 934 1303 exhortatione
954 1234 1022 1301 mia
1041 1246 1076 1302 et
1098 1245 1214 1302 uostra
1235 1236 1279 1301 ad
1300 1256 1413 1301 amare

186 1355 219 1420 la
246 1355 388 1438 pouerta
411 1362 520 1430 santa,
545 1352 672 1437 perche
693 1349 716 1414 l'
739 1350 952 1430 excellentie,
975 1349 1102 1432 vtiliti,
1124 1350 1297 1420 iocundita
1321 1350 1413 1416 dette

187 1489 298 1536 sonno
315 1489 334 1532 a
350 1465 451 1553 pieno
461 1466 502 1531 in
518 1467 630 1550 quella
646 1469 788 1552 pouerta
800 1466 998 1546 solamente,
1015 1468 1069 1532 ch'
1084 1467 1104 1534 ὁ
1120 1476 1231 1534 amata
1242 1478 1277 1533 et
1290 1467 1414 1532 uolun-

188 1583 271 1652 tiere
287 1592 469 1662 accettata3
487 1603 557 1648 non
572 1580 631 1668 gia
645 1603 682 1647 se
699 1582 717 1646 ὲ
734 1579 906 1664 sforpiata,
924 1591 959 1648 et
974 1579 1205 1648 inuoluntaria
1221 1581 1314 1648 fossi.
1334 1581 1416 1649 Solo

189 1699 264 1766 diro
280 1709 414 1784 questo:
432 1700 497 1765 che
512 1696 628 1781 quelli,
646 1699 713 1763 che
733 1718 854 1763 amano
870 1697 903 1763 la
926 1697 1080 1782 pouerti,
1099 1698 1232 1765 deueno
1249 1718 1362 1763 amare
1384 1697 1415 1762 el

190 1813 325 1899 sequito
340 1812 375 1878 di
390 1833 478 1891 essa,
493 1822 621 1896 quanto
637 1815 656 1878 ὲ
672 1813 727 1880 del
744 1822 846 1877 canto
861 1812 946 1892 lor0,
965 1832 1062 1879 come
1077 1813 1145 1878 mal
1157 1811 1345 1898 mangiare,
1361 1833 1416 1879 ve·

190 1931 285 2011 stite,
302 1927 460 2006 dormire,
478 1949 592 1995 essere
607 1927 792 2014 spregiato.
808 1928 854 1995 Se
866 1939 880 1967 ⁰
890 1926 1087 2009 altrimenti,
1101 1927 1159 1994 chi
1171 1927 1295 1994 amassi
1310 1925 1342 1992 la
1356 1947 1417 2011 po-

193 2044 301 2124 uerta,
319 2065 374 2110 ma
390 2065 459 2109 non
472 2046 607 2111 uolesse
619 2043 736 2110 sentir'
751 2043 893 2128 penuria
904 2044 1064 2124 alchana,
1078 2045 1120 2110 ne
1134 2044 1269 2127 sequito
1282 2043 1316 2108 di
1329 2062 1417 2122 essa,

192 2174 289 2247 tropo
306 2148 450 2228 delicato
467 2135 595 2244 pouero
611 2157 711 2240 saria3
729 2169 764 2225 et
780 2181 883 2227 senza
898 2159 1003 2225 dubio
1021 2158 1201 2225 mostraria
1218 2157 1273 2244 pih
1290 2179 1383 2225 amar
1396 2157 1419 2221 il

194 2277 294 2342 titulo
309 2278 373 2341 che
389 2275 422 2340 la
437 2274 652 2360 possessione
673 2275 708 2340 di
729 2295 818 2356 essa;
840 2296 861 2340 o
881 2275 940 2360 pih
961 2275 1088 2342 amarla
1107 2275 1142 2340 di
1158 2276 1287 2372 parole,
1306 2276 1370 2341 che
1386 2273 1418 2338 di

194 2413 310 2458 cuore.

260 2509 336 2573 Non
354 2507 440 2572 altro
458 2527 517 2591 per
533 2503 547 2543 ἃ
562 2518 696 2590 questa,
714 2526 752 2571 se
769 2527 837 2570 non
854 2526 978 2593 pregar
995 2529 1015 2572 a
1030 2505 1137 2573 Giesh
1154 2506 1260 2592 Xpo,
1275 2516 1422 2571 maestro

195 2635 229 2690 et
245 2642 329 2688 vero
345 2620 501 2707 exemplo
518 2621 553 2685 di
564 2621 706 2707 pouerta
721 2620 907 2707 spirituale,
922 2624 987 2688 che
998 2621 1030 2687 ci
1042 2621 1097 2687 dia
1113 2643 1132 2688 a
1149 2620 1229 2688 tutti
1241 2621 1422 2708 possedere

194 2749 315 2822 questa
326 2736 479 2824 preciosa
492 2736 658 2815 heredita,
669 2740 734 2803 che
745 2738 789 2803 da
801 2737 871 2824 agli
885 2738 1008 2805 fratelli
1019 2748 1054 2805 et
1067 2736 1226 2805 coheredi
1239 2738 1326 2817 suoi,
1337 2759 1358 2802 a
1369 2737 1423 2803 cio

194 2854 378 2919 abundeno
406 2851 441 2917 in
465 2853 521 2917 noi
545 2854 577 2917 le
605 2852 740 2921 richeze
767 2852 933 2937 spirituali
957 2853 992 2918 di
1020 2853 1143 2939 gratia,
1170 2866 1205 2923 et
1228 2854 1424 2920 finalmente

195 2968 306 3053 quelle
322 2967 537 3034 inenarrabili
554 2968 643 3033 della
659 2990 721 3034 sua
737 2969 857 3053 gloria.
878 2972 1003 3035 Arnen.
1411 2958 1413 2965 ¹

262 3084 307 3150 Di
322 3086 430 3149 Roma
445 3084 467 3149 6
482 3084 526 3149 de
542 3084 681 3169 Agosto
703 3101 798 3165 1547.
899 3148 903 3153 .

268 3200 412 3265 Titulus
430 3199 538 3284 Copia
552 3200 588 3263 d’
603 3221 671 3265 una
683 3200 726 3265 de
739 3203 842 3267 Mtro.
853 3197 1022 3281 PolancO,
1041 3202 1199 3265 mandata
1217 3199 1286 3285 agli
1304 3200 1423 3265 fratelli

195 3316 230 3382 di
247 3316 400 3395 Padoua,
417 3316 473 3381 del
489 3314 578 3400 patir
594 3316 826 3401 alegremente
842 3315 874 3381 la
885 3316 1042 3401 pouertal.

781 3460 843 3540 187

532 3590 792 3657 EPISCOPO
828 3590 1091 3658 PERUSINO

595 3716 683 3759 noun
703 3719 738 3759 ιο
758 3718 895 3761 aooosrr
919 3718 985 3775 1547
1007 3707 1026 3759 ¹.

197 3814 323 3867 Patrem
339 3812 494 3876 Lainium,
510 3812 669 3867 Perusiam
682 3818 801 3869 euntem
815 3818 928 3885 rogatu
940 3814 1097 3877 antistitis,
1112 3814 1165 3883 qui
1177 3813 1309 3883 aliquem
1324 3814 1359 3867 cle
1376 3812 1425 3866 So-

248 3904 353 3957 cietate
363 3905 547 3973 poposcerat,
562 3901 650 3955 valde
663 3901 805 3974 [gnatius
816 3903 1016 3967 commendat,
1030 3906 1189 3973 speratque
1201 3901 1290 3957 illum
1310 3906 1336 3955 et
1354 3902 1425 3955 civi-

250 3991 322 4046 ta'tis
335 3996 363 4046 et
375 3991 504 4061 episcopi
517 3992 593 4045 votis
603 3991 848 4063 satisfacturum.

773 4110 847 4195 Jhs

268 4242 372 4307 hlolto
391 4242 476 4305 Rdo.
496 4240 530 4305 in
542 4244 678 4328 Jesux.⁰
695 4242 731 4308 S.
751 4242 794 4305 N.
814 4240 1025 4327 monsignor.

251 4426 265 4451 a
301 4426 419 4481 pessare
428 4409 478 4480 pili
487 4410 577 4465 alter.
587 4428 633 4465 ex.
663 4412 722 4484 ΓΙ)
740 4408 787 4463 cio
799 4410 864 4463 che.
876 4409 964 4464 alter.
979 4426 1024 4464 eu.
1063 4424 1111 4453 -0
1130 4409 1193 4465 Che
1203 4410 1292 4464 alter.
1307 4427 1352 4464 ex.
1390 4441 1423 4450 -

199 4501 213 4541 d
233 4500 307 4553 altro
319 4514 375 4553 con
387 4498 476 4553 alter.
489 4516 534 4553 ex.

204 4594 415 4604 ——ss-

253 4633 260 4664 ¹
297 4630 344 4685 'Ex
361 4631 536 4687 adversariis
554 4632 742 4703 autographis
759 4632 792 4687 P.
811 4632 942 4705 Polemi,
964 4634 994 4689 in
1007 4632 1109 4689 codice
1128 4634 1224 4705 Epist.
1245 4634 1372 4689 Polanci
1389 4652 1425 4689 ex

199 4742 319 4787 comm„
333 4721 419 4777 unico
432 4720 512 4795 iolio,
526 4742 554 4779 n.
569 4722 616 4790 30,
630 4724 710 4795 prius
723 4722 768 4778 31.

336 4820 436 4863 lionae.
451 4819 663 4874 larun-Betae,
679 4832 735 4865 rou.
751 4822 770 4866 1.
1271 4824 1298 4867 37
